2022 3198
358 235 392 285 ὃ

360 377 519 424 licos
549 377 776 421 furores
813 377 1150 420 evanuisse.
1235 376 1372 421 Anno
1416 379 1527 422 1749
1564 381 1751 437 copiosa

358 455 441 498 illa
469 450 769 508 bibliotheca,
819 454 868 495 in
914 466 1002 510 qua
1043 458 1135 498 tum
1174 459 1304 500 erant
1348 457 1429 500 331
1469 453 1576 500 libri
1617 468 1752 501 manu

361 536 548 591 scripti,
583 532 819 580 Havniain
852 534 1073 579 translata
1098 548 1353 594 magnaque
1394 550 1452 581 ex
1489 538 1620 594 parte
1659 534 1753 579 Re-

358 615 449 670 giae
478 613 769 658 bibliothecae
801 610 972 657 inserta
1002 617 1072 657 est
1100 613 1355 665 (Werlauff
1386 616 1419 659 l.
1450 627 1490 660 c.
1520 628 1565 673 p.
1596 614 1681 659 158
1707 616 1753 658 et

359 692 481 743 165).
544 691 641 737 Sed
670 694 797 735 tanta
825 692 909 735 fuit
933 692 1262 750 Havercampii
1290 696 1566 748 auctoritas,
1596 695 1644 736 ut
1670 704 1752 736 ue-

359 771 470 811 mini
498 772 658 825 postea
696 771 744 812 in
779 772 974 813 mentem
1026 771 1208 815 veniret
1252 784 1484 827 quaeaere,
1529 770 1753 827 numquod

358 846 624 891 Lucretiani
662 847 837 892 codicis
876 849 1124 908 vestigium
1174 849 1221 891 in
1269 848 1423 908 Regia
1475 848 1755 894 bibliotheca

360 928 520 970 eiusve
562 926 792 970 indicibus
825 930 971 981 esset3
1024 929 1134 983 quin
1179 930 1485 971 recentissimi
1538 931 1755 973 canninis

360 1003 563 1047 editores
609 1004 942 1061 Havercampii
997 1004 1211 1050 iudicium
1260 1008 1541 1064 repetierunt
1599 1012 1644 1053 et
1695 1020 1753 1052 ne

357 1081 634 1143 Madvigius
666 1083 847 1140 quidem
872 1087 994 1138 tum,
1025 1097 1160 1141 quum·
1193 1084 1541 1143 disputationem
1583 1086 1641 1131 de
1665 1087 1753 1130 ali-

362 1166 469 1217 quot
497 1163 675 1207 lacunis
708 1162 913 1207 codicum
941 1163 1147 1207 Lucretii
1173 1165 1377 1221 scripsit,
1399 1164 1456 1208 de
1487 1164 1620 1208 huius
1645 1166 1755 1209 libri

363 1242 549 1284 interitu
577 1240 879 1293 dubitavit.¹)
939 1241 1077 1285 Anno
1107 1241 1281 1286 demum
1315 1242 1440 1296 1842,
1471 1254 1603 1299 quum
1617 1241 1754 1287 Mad-

362 1320 549 1376 vigius,
584 1332 700 1362 unus
730 1331 793 1362 ex
821 1322 1150 1374 quattuorviris
1179 1321 1288 1374 iilis,
1313 1322 1476 1376 quibus
1503 1333 1622 1365 auno
1649 1325 1755 1367 ante

362 1396 623 1441 mandatum
650 1399 776 1452 erat,
814 1400 863 1441 ut
900 1397 1063 1458 Regiae
1113 1396 1400 1443 bibliothecae
1441 1398 1583 1443 libros
1621 1411 1756 1443 manu

363 1477 559 1531 scriptos
595 1480 889 1519 recenserent
941 1489 1181 1532 eorumque
1224 1480 1464 1520 accuratos
1512 1479 1753 1535 catalogos

361 1553 669 1599 conficiendos
704 1558 942 1610 curarent,
989 1557 1201 1612 antiquos
1243 1555 1531 1600 bibliotheeae
1577 1556 1755 1600 indices

361 1633 696 1689 pervolutaret‚
750 1636 796 1677 in
835 1634 909 1677 his
958 1636 1349 1678 commemoratum
1383 1634 1509 1678 ¹vidit
1548 1634 1754 1679 Lucretii

361 1711 663 1768 fragmentum
693 1716 738 1755 et
767 1727 848 1756 suo
878 1714 978 1756 loco
1015 1714 1062 1754 in
1090 1711 1367 1755 bibliotheca
1396 1715 1643 1770 repositum
1672 1713 1754 1756 de-

361 1788 620 1846 prehendit.
668 1790 739 1834 lta
761 1790 837 1835 hic
863 1791 980 1835 liber
1007 1802 1032 1833 e
1056 1790 1258 1833 tenebris
1279 1793 1536 1845 protractus
1564 1792 1753 1848 primum

366 1880 395 1911 a
422 1868 673 1926 Madvigio
703 1871 751 1912 in
779 1870 972 1913 edendis
1011 1871 1245 1926 poetarum
1281 1868 1545 1913 Latinorum
1587 1870 1752 1913 carmi-

363 1947 498 1990 nibus
534 1948 722 1993 selectis
760 1948 1003 2005 aliquoties
1042 1945 1273 1989 adhibitus
1303 1950 1395 2002 est,
1440 1946 1607 1993 deinde
1649 1947 1753 1992 illu-

362 2027 577 2069 strissimi
647 2027 851 2082 praefecti
908 2026 1186 2070 liberalitate
1250 2026 1359 2069 mihi
1431 2027 1624 2070 traditus
1684 2030 1756 2070 est

365 2104 574 2148 utendus.

448 2197 522 2241 Ne
552 2199 654 2254 quis
681 2199 831 2241 autem
864 2200 1012 2242 actum
1053 2209 1192 2255 agere
1241 2210 1311 2241 me
1351 2198 1399 2241 in
1452 2195 1755 2253 excerpendis

365 2276 540 2320 codicis
570 2275 909 2332 Gottorpiensis
943 2277 1188 2332 seripturis
1218 2278 1370 2334 putet,
1407 2275 1525 2332 quod
1548 2276 1636 2318 iam
1666 2276 1769 2363 ali-

391 2483 434 2527 ¹)
461 2485 544 2528 Ipse
568 2482 789 2519 bibliothocae
814 2481 936 2526 Regiae
960 2483 1154 2527 praefectus
1183 2482 1330 2527 illustr„
1353 2482 1622 2524 Wuhuffius,
1646 2480 1703 2527 qui
1729 2481 1753 2515 Ι.

457 2561 490 2584 c.
517 2561 549 2593 p.
581 2549 647 2583 163
671 2549 795 2589 tradit,
819 2549 897 2583 Nic.
924 2548 1107 2583 Heinsium
1143 2549 1265 2592 magni
1293 2547 1428 2583 fecisse
1466 2548 1603 2594 aliquot
1632 2547 1751 2582 Ovidii

457 2617 601 2650 codices
626 2618 661 2649 et
683 2615 925 2659 fragmentum
951 2614 1110 2651 Lucretii
1135 2614 1356 2650 bibliothecis
1381 2616 1570 2658 Gottorp„
1605 2612 1690 2647 illos
1718 2612 1751 2647 in

456 2681 608 2723 Regiam
632 2680 715 2715 bibl.
740 2681 921 2715 transisse
946 2684 1215 2725 commemorat,
1242 2681 1284 2714 de
1308 2680 1376 2714 hoe
1400 2683 1508 2714 tacet.
