1991 3230
371 271 406 321 8

372 413 643 473 diligentius
674 417 719 457 et
745 414 915 457 diutius
940 414 1402 474 inspiciendi'ma'gn'a
1424 414 1630 471 copia'ei
1661 413 1758 457 fue-

371 494 433 537 rit
469 496 559 537 tum
609 504 741 549 quum
766 490 1119 552 Gottorpiensis
1141 495 1143 497 ’
1167 488 1456 539 bibliothccae
1516 492 1760 551 prefectus

371 574 496 615 esset
533 570 792 624 (Werlauff
826 572 857 616 l.
889 585 929 617 c.
965 588 1008 632 p.
1032 576 1134 629 87).
1215 573 1350 619 Hanc
1379 573 1667 618 collationem
1698 570 1760 614 ad

368 650 682 709 Raphelengii
710 651 955 696 editionem
995 655 1160 698 factam
1192 657 1240 698 in
1270 653 1632 708 Guelferbytana
1661 650 1760 694 bib-

369 729 572 774 liotheca
600 731 800 776 inveniri
829 733 1022 775 testatur
1048 732 1249 776 Ebertus
1282 733 1329 775 in
1366 732 1536 776 libello¹
1562 730 1620 774 de
1649 729 1758 774 bibl.

371 807 522 852 Guelf.
555 807 687 852 codd.
714 807 793 851 Gr.
825 811 871 852 et
897 808 1000 854 Lat.
1030 809 1336 867 (Lipsdsz'i)
1365 809 1520 869 psov,
1550 810 1598 851 in
1627 819 1759 864 quam

369 889 474 944 post
516 886 655 929 Gudii
695 892 883 931 mortem
924 900 1135 947 magnam
1181 891 1356 947 partem
1409 887 1614 932 codicum
1658 887 1760 929 eius

368 968 641 1025 pervenisse
664 973 816 1010 notum
845 970 931 1011 est.
962 969 1009 1020 1)
1070 967 1201 1023 Quod
1230 982 1340 1015 vero
1369 965 1643 1024 Madvigius
1671 964 1703 1008 l.
1717 972 1758 1008 c.

368 1061 414 1104 p.
442 1047 528 1089 322
554 1049 647 1089 not.
674 1049 936 1090 accuratam
965 1046 1104 1090 Gudii
1135 1045 1419 1092 collationem
1445 1048 1493 1089 in
1519 1044 1758 1089 bibliothe-

370 1137 427 1170 ca
456 1126 777 1171 universitatis
804 1126 1090 1172 Havniensis
1120 1128 1301 1172 servari
1333 1126 1479 1180 dixit,
1510 1126 1557 1168 in
1590 1127 1644 1168 vc'o
1680 1131 1758 1168 ⁴'cr--

368 1205 509 1258 ravit,
549 1204 768 1262 deceptus
797 1205 994 1248 fortasse
1015 1219 1102 1260 co,
1134 1205 1252 1262 quod
1292 1202 1662 1249 collatos'Gudii
1700 1203 1758 1245 li-v

368 1284 474 1326 bros
504 1282 564 1326 ad
593 1283 631 1326 Ι.
659 1283 769 1327 Alb.
796 1284 1055 1327 Fabricium
1087 1285 1310 1327 transisse
1340 1282 1593 1335 constabat,
1623 1281 1758 1337 atquc

368 1363 403 1404 ii
433 1374 532 1406 cum
562 1363 730 1406 ceteris
760 1362 1052 1407 Fabricianis
1086 1363 1218 1407 libris
1245 1366 1383 1405 manu
1414 1360 1602 1419 scriptis
1631 1366 1760 1418 emp-

370 1443 494 1485 tione
525 1443 782 1501 migrarunt
811 1443 859 1485 in
887 1441 1209 1487 bibliothecam
1232 1425 1548 1487 universitatis
1588 1439 1758 1495 Havn„

368 1521 445 1564 uhi
486 1521 607 1563 inter
654 1520 930 1564 Fabriciana
975 1524 1191 1565 servatur
1240 1531 1295 1563 ea
1338 1520 1538 1564 collatio.
1630 1518 1758 1563 Nihil

368 1598 494 1642 aliud
525 1602 598 1643 est
637 1611 768 1656 quam
806 1598 1115 1657 apographum
1147 1600 1280 1652 alius,
1310 1602 1360 1642 ut
1384 1597 1592 1652 videtur,
1640 1599 1758 1655 'apo-

367 1677 533 1737 graphi
577 1678 849 1723 collationis'
881 1677 1211 1733 Vossianae,
1260 1676 1404 1734 quod,
1459 1665 1568 1723 si'vc
1614 1677 1758 1734 ipsius

367 1757 525 1801 vossii
553 1759 656 1803 sive
683 1758 853 1816 prioris
875 1758 1040 1802 scribae
1059 1743 1233 1800 ‘manus
1258 1748 1381 1800 lectu
1412 1756 1615 1801 difficilis
1643 1758 1758 1812 erat,

367 1837 520 1880 multis
563 1838 680 1882 locis
730 1836 948 1881 mendose
986 1836 1266 1891 descriptum
1307 1835 1378 1879 est
1419 1837 1588 1893 neque..
1615 1836 1757 1880 solum

367 1904 708 1975 Gottorpiensis
746 1904 992 1976 fragmenti
1040 1916 1264 1960 lectiones
1312 1903 1538 1971 continet,
1578 1918 1627 1967 ⁴²)
1675 1916 1757 1961 scd

397 2122 440 2167 ¹)
467 2124 661 2161 Werlauff
678 2124 704 2161 l.
728 2138 760 2161 c.
782 2138 816 2172 p.
840 2127 900 2161 90.
948 2125 1168 2169 Forbigerus
1195 2125 1288 2161 hanc
1321 2122 1552 2161 collationem
1586 2136 1656 2160 non
1691 2136 1757 2160 so-

461 2190 535 2224 lum
562 2202 632 2225 non
655 2189 827 2237 adhibuit,
851 2194 916 2226 sed
940 2203 983 2226 ne
1008 2190 1262 2235 Havercampii
1290 2191 1427 2234 quidem
1460 2190 1636 2235 excerptis
1664 2190 1757 2225 satis

461 2256 653 2300 diligenter
677 2260 714 2292 et
737 2256 1001 2303 circumspecte
1026 2268 1115 2291 usus
1140 2260 1210 2300 est,
1238 2258 1275 2289 ut
1299 2256 1369 2290 iam
1396 2255 1531 2290 monuit
1553 2254 1706 2291 slebelis
1731 2256 1756 2290 1.

461 2334 496 2359 c.
525 2335 558 2367 p.
583 2324 664 2357 789.
1092 2369 1094 2371 Ι
1326 2320 1328 2322 ’
1489 2321 1492 2322 ’
1603 2320 1605 2323 ’

393 2386 439 2430 2)
466 2389 506 2421 ln
534 2388 650 2432 prima
673 2386 873 2434 apographi
897 2389 1030 2434 pagina
1057 2388 1131 2423 haec
1156 2389 1343 2431 leguntur:
1371 2386 1552 2432 „Lucretii
1577 2386 1755 2422 vetustis-

464 2454 592 2488 simum
615 2455 870 2500 fragmentum,
897 2454 1065 2490 Biblioth.
1093 2454 1337 2498 Gottorpianae
1353 2456 1429 2489 *800
1451 2457 1514 2488 aut
1534 2455 1605 2489 900
1625 2456 1754 2489 -Anno-

462 2532 542 2555 rum
572 2532 651 2556 cum
676 2522 758 2556 edit.
783 2521 1023 2567 Raphclengii
1051 2522 1087 2556 in
1112 2520 1158 2556 8Ω
1185 2522 1273 2557 1595
1298 2520 1448 2556 contulit
1481 2520 1536 2556 Cl.
1572 2521 1623 2555 ls.
1650 2521 1754 2554 Vos-

465 2589 554 2622 sius.
602 2591 671 2623 Dn.
696 2589 787 2623 nob.
815 2591 963 2624 Cannon
990 2589 1113 2624 socius
1133 2588 1284 2632 Collegii
1302 2588 1456 2633 Regalis
1481 2585 1690 2629 Cantabrig.
1715 2597 1756 2620 ex

465 2653 590 2687 vossii
617 2653 708 2689 libro
732 2653 972 2699 exscripsit“;
997 2658 1033 2689 et
1059 2654 1094 2688 in
1120 2654 1192 2689 ima
1213 2654 1346 2699 pagina
1362 2651 1584 2696 Fabricii,ut
1606 2650 1757 2694 videtur,

465 2729 593 2754 manu:
617 2723 778 2763 „Donum
804 2720 971 2756 Caroli
994 2721 1236 2756 Schencke
1261 2707 1584 2763 namburgen'sisf‘
