1991 3230
363 282 395 329 4

362 424 548 482 vigius,
593 424 667 477 qui
712 422 765 471 (1.
805 435 844 465 c.
888 437 931 480 p.
970 425 1056 467 308
1084 427 1207 479 sqq.)
1244 418 1508 467 universam
1549 426 1755 471 codicum

363 502 675 545 condicionem
736 501 1005 560 diligentius
1059 501 1326 546 describens
1381 505 1507 548 recte
1566 506 1757 561 optimos

365 593 467 623 esse
498 579 631 624 duxit
662 579 1027 639 Gottorpiensem
1056 582 1101 622 et
1132 579 1482 640 Lugdunensem
1513 595 1636 639 eum,
1680 585 1756 640 qui

363 659 405 701 Z
437 660 594 703 littera
622 660 742 715 apud
762 660 1148 718 Havercampium
1180 663 1373 714 notatur,
1405 665 1637 719 proximos
1667 664 1755 720 his‘,

362 738 446 781 sed
488 740 563 794 qui
605 740 753 781 minus
792 739 1016 795 integram
1049 742 1095 781 et
1126 740 1213 781 iam
1250 738 1324 783 hic
1357 739 1452 783 illic
1482 743 1758 787 coniecturis

363 820 576 860 mutatam
618 817 862 875 archetypi
900 818 1171 874 scripturam
1220 817 1516 873 exhiberent,
1567 819 1755 879 Lugdu-

364 909 551 941 nensem
579 898 767 940 alterum
792 897 935 955 (apud
964 897 1168 943 Haverc.
1204 897 1358 940 littera
1385 896 1435 940 Y
1462 900 1683 951 notatum)
1712 903 1758 944 et

365 977 663 1019 Bodleianum
699 979 758 1030 ¹),
790 978 992 1034 reliquos
1021 980 1187 1031 autem,
1226 989 1337 1032 quos
1375 978 1574 1021 maxime
1610 981 1757 1039 secuti

363 1059 467 1098 sunt
503 1057 785 1098 recentiores
825 1056 1049 1110 editores,
1094 1067 1155 1098 ex
1203 1055 1359 1098 eodem
1411 1055 1591 1111 quidem
1635 1041 1757 1100 fonte

365 1131 545 1190 ductos,
572 1135 656 1179 sed
690 1136 968 1180 coniecturis
996 1134 1237 1189 hominum,
1273 1136 1346 1192 qui
1375 1135 1530 1180 seculo
1557 1135 1646 1179 XV
1679 1150 1757 1181 co-

365 1215 494 1257 dices
524 1216 879 1272 interpolarunt,
909 1214 1103 1257 refertos
1130 1218 1176 1257 et
1205 1217 1447 1271 propterea
1475 1215 1612 1272 plane
1643 1228 1757 1274 neg-

365 1294 591 1353 ligendos,
682 1293 851 1337 Verum
900 1293 1013 1337 illud
1057 1293 1424 1337 molestissimum
1465 1298 1536 1338 est
1584 1296 1632 1338 in
1669 1294 1756 1340 hac

366 1374 645 1428 quaestione,
698 1372 817 1428 quod
857 1385 918 1416 ex
957 1373 1290 1428 antiquioribus
1320 1372 1571 1429 iisdemque
1598 1373 1757 1416 melio-

363 1453 490 1493 ribus
528 1452 660 1493 libris
702 1452 852 1494 nullus
888 1451 1038 1495 adhuc
1076 1453 1142 1494 ita
1180 1451 1372 1494 collatus
1413 1454 1507 1506 est,
1567 1454 1615 1495 ut
1657 1453 1755 1495 eius

363 1530 582 1586 vestigiis
611 1530 726 1572 satis
754 1532 849 1572 tuto
879 1530 1093 1572 insistere
1120 1531 1266 1586 possit
1297 1528 1567 1592 emendatio.
1648 1528 1754 1573 (hn-

362 1611 436 1652 nis
466 1611 585 1652 enim
616 1610 861 1653 lectionum
893 1611 1097 1654 varietas
1126 1609 1324 1667 petenda
1364 1613 1436 1654 est
1466 1622 1529 1653 ex
1557 1609 1754 1654 editione

363 1688 718 1747 Havercampii,
767 1690 842 1750 qui
886 1689 963 1734 vel
1001 1701 1059 1732 ex
1093 1690 1153 1732 iis
1191 1689 1450 1745 codicibus,
1503 1702 1615 1747 quos
1656 1690 1754 1747 ipse

363 1770 537 1823 primus
561 1769 876 1825 contulit,·pro
906 1781 1000 1812 suae
1031 1772 1180 1811 aetatis
1206 1783 1330 1813 more
1359 1784 1450 1813 non
1479 1770 1642 1822 omnia,
1672 1767 1754 1810 sed

365 1860 465 1905 quae
495 1849 585 1906 ipsi
613 1848 835 1907 graviora
862 1846 1154 1902 videbantur,
1182 1851 1228 1892 et
1255 1861 1313 1892 ne
1347 1860 1403 1892 ea
1433 1846 1612 1906 quidem
1641 1845 1755 1895 satis

363 1927 615 1987 diligenter
669 1928 873 1982 notavit3
933 1940 1020 1972 nee
1069 1930 1171 1986 post
1222 1941 1320 1973 eum
1369 1930 1602 1986 quisquam
1650 1925 1755 1969 illos

365 2007 552 2051 codices
608 2008 825 2062 inspexit.
920 2007 984 2051 Et
1030 2010 1228 2052 maxime
1284 2008 1464 2065 quidem
1514 2004 1755 2065 optandum

365 2090 489 2141 erat,
514 2089 564 2129 ut
591 2087 758 2142 aliquis
795 2089 953 2130 nostra
989 2074 1123 2131 aetate
1162 2088 1324 2131 iterum
1370 2088 1598 2133 conferret
1634 2084 1754 2127 anti-

366 2167 633 2220 quissimum
684 2167 809 2209 illum
868 2166 1247 2224 Lugdunensem,
1311 2168 1417 2211 olim
1480 2165 1755 2222 Vossianum

363 2243 527 2287 nin-um
565 2243 632 2295 (Ζ
662 2244 882 2301 flavere„
912 2244 969 2288 M
998 2229 1234 2300 wakem,
1285 2247 1359 2303 qui
1401 2247 1627 2304 integrum
1660 2240 1753 2284 Lu-

395 2419 436 2461 1)
464 2419 634 2455 Eiusdem
659 2421 809 2455 familiae
843 2422 949 2456 etiam
986 2422 1151 2455 videntur
1182 2421 1300 2455 fuisse
1348 2421 1486 2466 quidam
1525 2414 1753 2457 -Lambiniani

459 2485 583 2528 codd„
630 2486 822 2532 eodemque
867 2486 1146 2521 vindobonense
1182 2488 1503 2530 fragmentum
1539 2484 1582 2517 ab
1625 2481 1751 2530 Altero

460 2557 776 2588 commemoratum
816 2554 881 2597 (ab
907 2553 1126 2590 Endlichero
1151 2556 1189 2589 in
1214 2554 1393 2597 Gatalogo
1426 2552 1508 2587 bibl.
1543 2548 1621 2584 Pal.
1655 2545 1750 2582 Vin-

459 2619 538 2652 dob.
564 2630 712 2653 numero
748 2620 832 2654 CXI
870 2617 1051 2661 notatum)
1089 2619 1268 2662 pertinere
1305 2622 1405 2663 putat
1443 2619 1495 2651 Ῐο.
1530 2607 1683 2649 Siebelis
1716 2613 1750 2646 in

462 2684 677 2722 Zeitschrift
704 2686 764 2719 fur
802 2685 857 2719 dic
885 2685 1158 2719 Alterthumsw.
1188 2686 1275 2720 1844
1300 2698 1333 2730 p.
1359 2685 1451 2726 '7883
1495 2679 1609 2726 quod,
1647 2686 1748 2725 quum

463 2750 548 2783 mihi
574 2752 617 2784 ad
647 2762 786 2784 manum
814 2762 883 2784 non
909 2750 957 2784 sit
980 2750 1094 2785 Alteri
1119 2750 1241 2792 editio,
1267 2750 1301 2785 in
1329 2750 1444 2785 medio
1469 2746 1642 2791 relinquo.
