2087 3248
1626 246 1658 294 7

273 392 377 446 quot
406 389 583 435 codicis
611 390 884 436 collationes
910 391 1105 444 exstent,
1136 388 1193 433 de
1223 388 1296 433 bis
1320 387 1658 440 collationibus,

271 470 509 526 antequam
539 467 599 511 ad
629 466 833 527 codicem
861 467 1210 513 describendum
1236 466 1499 527 aggredior,
1513 478 1662 523 pauca

271 548 467 596 dicenda
495 557 599 593 esse
625 545 854 591 videntur.
887 546 895 550 ’“
912 544 1253 604 Gottorpiensis
1289 546 1464 592 codicis
1496 545 1659 591 lectio-

270 638 355 670 nes
384 624 676 670 inveniuntur
713 625 762 667 in
796 623 997 668 editione
1024 624 1379 682 Havercampii‚
1418 626 1493 681 qui
1523 626 1570 668 in
1599 626 1659 668 iis

270 702 544 761 colligendi·
569 716 679 746 usus
700 705 799 747 erat
821 702 995 748 duabus
1024 703 1343 748 collationibus
1368 714 1397 747 a
1411 703 1530 748 viris
1547 702 1657 761 doc-

268 784 388 827 trina
411 782 733 840 praestantibus
762 779 884 837 olim,
911 794 1043 840 quum
1073 781 1223 827 codex
1262 783 1311 826 in
1340 782 1656 838 Gottorpiensi

262 857 540 907 bibliotheca
569 863 684 916 erat,
713 861 866 916 sactis,
896 861 1044 905 altera
1071 861 1275 906 Isaaci
1304 860 1527 913 Vossii,
1557 872 1656 916 quae

262 943 355 987 tum
386 942 435 982 in
463 939 739 983 bibliotheca
766 940 979 1003 Lugduni
1008 941 1175 985 Batav.
1205 941 1479 985 servabatur
1509 942 1646 995 atque

264 1020 402 1067 etiam
448 1029 568 1062 nunc
604 1017 668 1061 ibi
719 1030 824 1061 esse
865 1016 1057 1072 dicitur,
1101 1019 1249 1062 altera
1298 1016 1655 1073 Marquardi

263 1095 456 1150 (ludii,
483 1107 614 1152 quam
653 1108 682 1139 a
715 1095 973 1141 Moshemio
1009 1099 1194 1142 missam
1237 1098 1498 1155 acceperat.
1558 1093 1654 1137 Mi-

260 1187 360 1219 rum
394 1174 735 1228 est‚-ne1ninem
764 1187 942 1232 eorum,
986 1179 1062 1233 qui
1102 1179 1263 1235 postea
1299 1174 1359 1219 ad
1394 1174 1653 1219 Lucretium

260 1251 484 1299 edendum
510 1256 819 1308 accesserunt,
845 1255 950 1298 illas
994 1242 1264 1300 collationes
1293 1255 1576 1312 inspexisse3
1610 1255 1652 1302 ¹)

260 1343 420 1376 verum
449 1333 491 1373 si
521 1344 579 1374 ex
594 1332 922 1390 Havercampii
946 1336 1182 1391 excerptis
1209 1333 1267 1377 de
1296 1345 1451 1376 earum
1475 1334 1650 1375 ratione

260 1410 309 1453 et
331 1409 478 1467 pretio
506 1407 712 1453 iudicare
742 1410 813 1453 sas
843 1412 942 1465 est,
985 1423 1130 1469 neque
1160 1413 1375 1455 accurate
1403 1421 1550 1468 neque
1579 1410 1650 1453 in-

259 1491 388 1546 tegre
419 1487 594 1530 codicis
629 1490 886 1544 scripturas*
922 1493 1255 1546 repraesentare
1291 1501 1372 1532 eas
1420 1488 1653 1532 fatendum

259 1570 346 1622 est,
376 1579 463 1611 nec
496 1567 730 1623 quisquam
747 1598 759 1621 ‚
800 1569 875 1625 qui
905 1581 1050 1612 meam
1090 1569 1378 1614 collationem
1406 1581 1508 1613 cum
1555 1567 1651 1611 illis

258 1647 489 1700 excerptis
503 1648 852 1701 comparaverit,
874 1658 1265 1704 supervacaneam
1291 1658 1475 1703 operam
1504 1658 1651 1689 meam

259 1722 398 1767 dicet.
460 1723 671 1767 Ceterum
697 1722 953 1768 Gudianam
983 1726 1316 1770 accuratiorem
1358 1737 1465 1769 esse
1505 1725 1650 1769 eonii-

265 1813 372 1846 cere
400 1801 512 1846 licet
536 1812 599 1860 ex
628 1812 685 1844 ea
710 1802 952 1862 religione,
981 1814 1069 1860 qua
1089 1804 1329 1862 egregium
1357 1802 1483 1846 illum
1501 1803 1651 1848 virum

258 1881 307 1923 in
336 1880 571 1925 codicibus
601 1880 891 1925 conferendis
920 1883 1103 1927 versari
1139 1882 1322 1926 solitum
1362 1894 1465 1925 esse
1494 1880 1650 1924 multis

258 1959 528 2004 testimoniis
569 1962 773 2015 constat,
816 1961 1070 2019 praesertim
1125 1972 1258 2017 quum
1297 1957 1431 2003 huius
1474 1959 1649 2004 codicis

287 2163 329 2206 ¹)
355 2168 455 2201 Unus
480 2166 707 2212 excipiendus
732 2171 789 2202 est
814 2168 989 2212 oremus,
1016 2168 1073 2214 qui
1097 2168 1133 2204 in
1166 2169 1284 2204 altera.
1314 2167 1470 2204 edition
1498 2166 1650 2209 ecloga-

349 2240 428 2267 rum
452 2236 546 2277 poet.
570 2236 650 2269 Lat.
676 2244 792 2279 pauca
819 2233 976 2280 quaednm
1004 2235 1143 2268 notavit
1168 2245 1210 2268 ex
1236 2233 1450 2278 apographo
1476 2231 1652 2266 Gudianae

353 2297 560 2333 collationis
588 2298 762 2343 aSilligio
783 2302 943 2344 accepto,
964 2309 1089 2333 verum
1108 2309 1180 2333 non
1207 2308 1351 2341 semper
1371 2297 1435 2340 ita,
1463 2300 1502 2330 ut
1526 2296 1650 2339 scrip—

356 2364 445 2398 turn
470 2373 494 2397 a
517 2365 640 2399 codice
669 2367 936 2400 confirmentur.
983 2366 1041 2399 Ita
1070 2366 1099 2400 1.
1126 2365 1167 2399 '71
1204 2363 1240 2399 in
1263 2365 1428 2407 Gottorp.
1457 2373 1526 2396 nou
1552 2361 1651 2405 legi-

349 2429 409 2462 tur
431 2426 615 2463 virtute
639 2430 704 2463 sed
729 2429 984 2473 virtutem,
1012 2429 1078 2463 118
1102 2427 1158 2472 (v.
1183 2430 1247 2464 Or.
1271 2428 1317 2462 ad
1341 2427 1429 2471 150)
1455 2438 1525 2461 non
1550 2427 1648 2471 pri—

351 2504 459 2529 mum
492 2495 556 2530 sed
597 2493 805 2540 primus,
844 2494 913 2531 ⁷19
935 2505 1006 2530 non
1040 2494 1176 2537 longi
1202 2493 1514 2539 (quemadmodum
1539 2495 1648 2528 etiam

351 2562 506 2596 flavere.
534 2561 653 2604 notat)
680 2562 745 2596 sed
770 2571 940 2607 aequor,
966 2562 1005 2595 ut
1030 2558 1066 2594 in
1091 2559 1254 2595 omnibus
1279 2559 1408 2603 codem
1445 2569 1513 2604 quo
1536 2559 1649 2593 intel-—

351 2626 445 2676 lecto
465 2626 571 2664 etiam
596 2626 751 2663 concidit
777 2628 968 2671 contorta,
994 2636 1097 2672 quam
1125 2625 1240 2660 Orell.
1260 2623 1442 2670 proponit,
1467 2635 1654 2662 commcn-

349 2693 442 2728 ticinc
467 2691 753 2737 (memorabilem
774 2692 862 2728 dicit
887 2690 975 2736 Οι·.)
1002 2689 1191 2736 scriptume
1220 2689 1486 2736 interpretatio.
