2087 3248
1579 281 1612 329 5

226 426 358 468 cretii
399 436 579 468 carmen
621 426 837 468 continet.
926 424 1108 469 Interea
1148 424 1251 466 dum
1281 422 1369 466 hoc
1397 422 1469 475 fit,
1523 434 1612 465 non

227 506 451 562 ingratum
483 505 571 547 erit
600 505 681 557 iis,
721 505 795 559 qui
826 502 1114 556 in'Lucretio
1154 501 1390 546 tractando
1419 512 1612 546 versan-

227 588 313 635 tur„
342 584 478 625 alium
506 581 670 623 librum
698 581 846 623 minus
873 583 1097 638 integrum
1129 581 1254 623 illum
1284 580 1487 636 quidem,
1530 579 1612 623 sed

230 676 318 705 non
342 663 489 703 minus
519 662 679 705 bonum
721 663 766 704 et
793 662 985 705 fortasse
1023 661 1314 705 vetustiorem
1346 659 1613 717 diligentius

229 750 525 798 cognoscere.
589 739 747 796 Itaque
780 753 930 797 operae
954 740 1146 797 pretium
1175 751 1279 783 esse
1296 741 1471 796 putavi,
1502 736 1613 782 Got-

228 819 456 875 torpiense
502 818 615 862 illud
667 819 771 863 olim
814 820 1006 863 omnium
1047 832 1124 863 ore
1163 819 1436 863 celebratum
1486 818 1613 877 frag-

227 900 422 941 mentum
451 901 691 952 excutere‚
735 903 780 943 et
811 899 898 944 hac
929 899 1080 943 oblata
1109 897 1339 942 scribendi
1370 899 1612 942 occasione

200 972 327 1021 ¹ciue
356 977 668 1022 condicionem
708 977 967 1022 describere
1002 978 1302 1033 lectionisque
1340 978 1614 1022 varietatem

226 1057 430 1113 proferre
459 1049 689 1099 conEtitui.

288 1134 491 1178 ‘Ludere
533 1134 729 1178 fortasse
766 1135 958 1193 cuipiam
999 1137 1046 1178 et
1082 1134 1278 1178 fabulam
1318 1144 1506 1177 narrare
1542 1133 1614 1177 vi-

228 1214 352 1268 deor,
384 1217 459 1271 qui
490 1215 545 1258 de
563 1214 873 1271 Gottorpiensi
902 1214 1062 1259 codice
1092 1213 1350 1257 iamdudum
1378 1215 1424 1255 in
1449 1213 1614 1268 deper-

228 1292 337 1337 ditis
380 1292 533 1337 habito
578 1307 648 1337 me
703 1293 925 1338 dicturum
973 1296 1019 1337 et
1058 1306 1115 1337 ex
1156 1295 1256 1349 ipso
1297 1295 1455 1339 vetere
1496 1292 1612 1335 libro

230 1373 396 1426 petitas
434 1375 686 1430 scripturas
723 1373 998 1428 prolaturum
1038 1373 1263 1428 profiteor.
1352 1371 1447 1415 Sed
1482 1372 1615 1415 salva

228 1452 300 1494 e'st
323 1463 414 1494 res.
480 1450 650 1494 Mirum
690 1450 891 1507 profecto
931 1449 1065 1494 huius
1105 1451 1212 1495 libri
1255 1451 1394 1494 fatum
1424 1448 1615 1493 dixeris.

228 1527 395 1571 Seculo
432 1528 568 1571 XVII
602 1531 828 1573 vetustate
858 1531 904 1571 et
936 1530 1203 1586 praestantia
1229 1540 1311 1572 sua
1341 1541 1470 1584 quum
1500 1528 1616 1570 alios

228 1609 355 1653 viros
381 1607 538 1652 doctos
562 1608 779 1664 advertit,
810 1609 884 1665 qui
904 1606 1269 1667 Gottorp-iensem
1297 1606 1616 1652 bibliothecam

228 1685 453 1741 adierant,
485 1689 575 1731 tum
606 1688 811 1732 Isaacum
842 1687 1052 1731 Vossium
1085 1691 1129 1732 et
1157 1688 1262 1733 Nic.
1292 1688 1544 1731 Heinsium.
1573 1689 1615 1738 ¹)

227 1766 395 1810 Verum
431 1768 561 1811 initio
601 1781 692 1812 sec.
733 1767 895 1810 XVIII
933 1768 1050 1810 bello
1091 1770 1188 1810 orto
1230 1770 1349 1811 inter
1388 1768 1616 1811 Danorum

228 1856 381 1902 regem
421 1849 467 1888 et
507 1844 871 1903 Gottorpiensem
917 1846 1165 1903 principem
1207 1859 1338 1902 quum
1371 1847 1453 1888 illa
1483 1846 1616 1889 bibli-

229 1911 392 1968 otheca
417 1925 629 1984 neglecta
662 1926 848 1979 iaceret,
880 1925 978 1967 eius
1002 1925 1108 1968 libri
1139 1925 1464 1978 turbabantur,
1511 1926 1614 1981 qui-

230 2003 333 2046 dam
375 2004 570 2047 fortasse
609 2005 741 2047 etiam
786 2005 1192 2062 intercipiebantur
1232 2007 1278 2048 et
1317 2004 1434 2048 male
1477 2003 1615 2048 habe-

231 2083 419 2125 bantur:
454 2094 717 2138 quamquam
751 2085 798 2125 in
837 2084 918 2126 illa
958 2096 1103 2126 rerum
1149 2084 1486 2139 perturbatione
1529 2097 1617 2126 non

230 2164 356 2203 tanta
384 2163 482 2204 eius
513 2161 751 2204 calamitas
779 2162 920 2205 fuisse
950 2162 1163 2215 videtur,
1206 2166 1374 2219 quanta
1407 2163 1616 2218 deplora-

231 2242 303 2281 tur
338 2251 368 2282 a
414 2238 670 2282 Moshemio
709 2239 903 2294 aliisque
953 2232 1215 2288 (Werlauff
1260 2241 1289 2283 l.
1331 2254 1370 2284 c.
1412 2255 1455 2297 p.
1489 2243 1615 2289 165).

230 2317 319 2360 His
362 2321 511 2361 tamen
564 2317 815 2376 tragoediis
858 2318 988 2361 fidem
1037 2318 1193 2360 habuit
1235 2319 1615 2375 Havercampins,

232 2377 306 2450 flui
337 2396 557 2452 imprim1s
587 2396 843 2440 Mosbemio
874 2399 1057 2441 auctore
1084 2409 1203 2439 anno
1235 2397 1344 2440 1725
1374 2398 1419 2438 in
1451 2398 1614 2454 praesa-

232 2475 351 2515 tione
391 2473 592 2515 Lucretii
648 2476 869 2531 scripsit‚‘
918 2475 1178 2517 codicem
1218 2475 1479 2517 Lucretii
1527 2490 1615 2517 unu

235 2565 333 2596 cum
369 2552 476 2596 aliis
499 2552 783 2598 bibliotheca}
800 2540 1110 2612 Gottorpianae
1137 2553 1341 2597 dudum
1371 2568 1472 2612 per
1505 2555 1617 2598 bel-

268 2743 306 2786 ¹)
333 2745 409 2779 Cfr·
426 2745 637 2782 Werlausfii
664 2743 756 2778 nist.
784 2743 863 2778 bibl.
889 2745 979 2786 ch.
1006 2746 1119 2778 Havn.
1148 2756 1179 2787 p.
1206 2745 1270 2779 163
1298 2745 1350 2778 ed.
1378 2745 1439 2778 alt.
