2043 3217
1637 254 1670 304 9

287 398 409 452 inde,
440 398 517 442 ubi
546 398 629 441 illc¹
657 395 841 453 desinit,
868 397 1105 456 excipiunt
1128 397 1350 442 lectiones
1375 397 1494 441 alius
1520 399 1670 440 cuius-

286 476 392 521 dam
421 474 599 521 codicis
633 472 727 529 (V.³'
757 488 863 520 raro
897 477 1048 531 VV.]‚
1088 478 1163 534 qui
1200 478 1424 521 alteruter
1455 487 1516 519 ex
1544 474 1670 531 Lug-

286 556 566 600 dunensibus
604 567 707 598 csse
741 555 944 599 videtur.
1037 555 1227 611 Aliquid
1276 558 1424 599 tamen
1459 554 1672 598 utilitatis

285 634 416 678 affert
467 633 673 678 mendosi
721 633 855 677 huius
915 633 1168 692 apographi
1221 636 1521 692 compat-atim
1567 644 1670 677 nam

286 715 450 769 proeter
478 713 586 766 alia,
616 726 800 770 quorum
833 715 953 756 infra
982 714 1150 756 mentio
1179 713 1268 769 fiet,
1300 713 1406 756 inde
1449 713 1671 767 perspici-

284 795 372 847 tur,
404 804 503 837 cum
532 804 620 849 qua
640 792 840 837 editione
880 793 1074 837 Vossius
1112 792 1477 852 Gottorpiensem
1505 792 1667 835 librum

284 872 547 925 contulerit,
579 875 625 915 et
652 884 752 916 eum
784 874 831 915 in
861 871 946 916 hoc
976 885 1114 928 opere
1144 886 1233 916 non
1261 874 1475 916 accurate
1505 880 1669 915 versa-

283 952 374 994 tum
403 959 521 994 esse.
846 954 850 957 '
1077 950 1081 951 ⁷

340 1027 501 1072 Codex
532 1026 870 1087 Gottorpiensis
899 1033 968 1073 est
997 1029 1366 1073 membranaceus
1396 1029 1491 1072 folii
1522 1029 1669 1070 mino-

283 1109 364 1162 ris,
392 1109 439 1151 in
466 1106 744 1151 bibliotheca
782 1108 933 1166 Regia
973 1115 1156 1152 numero
1187 1108 1336 1153 CCXI
1372 1110 1491 1151 inter
1529 1107 1671 1150 libros

283 1186 530 1231 Veteris
559 1186 963 1231 collectionis
992 1191 1187 1241 notatus,
1222 1189 1267 1237 1)
1303 1188 1422 1231 binis
1453 1187 1673 1231 columnIs

284 1268 620 1319 naemu-atus,
659 1268 709 1308 ut
738 1267 935 1324 singulae
963 1266 1060 1311 fere
1090 1265 1407 1324 quadragenos
1427 1271 1670 1324 septenos,

287 1356 527 1403 perpauca}
559 1343 876 1403 quadragenos
907 1348 1094 1389 octonos
1120 1357 1286 1389 versus
1303 1346 1673 1402 complectantur,

283 1417 798 1481 ultima‘quadragenos
826 1426 980 1467 ternos
1008 1425 1252 1468 contineat.
1309 1423 1449 1467 Tituli
1476 1423 1672 1482 singulis

290 1505 509 1553 carminis
538 1503 743 1561 partibus
770 1502 944 1560 praeflxi
971 1516 1125 1546 omnes
1157 1504 1280 1546 rubri
1311 1503 1476 1547 coloris
1503 1503 1671 1545 litteris

283 1594 313 1626 a
344 1583 534 1626 librario
575 1582 737 1637 scripti
769 1584 896 1637 sunt,
936 1582 1020 1625 sed
1057 1582 1135 1625 ubi
1173 1585 1402 1626 vetustate
1439 1582 1670 1625 obscurati

287 1663 433 1718 erant,
461 1662 689 1705 recentior
716 1672 875 1704 manus
917 1673 995 1704 cos
1030 1663 1282 1703 atramento
1314 1660 1498 1704 inducto
1534 1672 1669 1703 reno-

283 1743 430 1787 vavit.
485 1740 667 1798 Saepius
707 1742 905 1798 ipsorum
946 1753 1159 1785 versuum
1205 1740 1405 1783 evanida
1441 1741 1669 1797 scriptura

283 1818 651 1863 inetauratafest.
708 1818 863 1862 Prima
892 1819 980 1862 tria
1005 1819 1114 1862 folia
1143 1819 1332 1863 nitidius
1368 1822 1474 1863 sunt
1498 1820 1668 1863 'exara-

284 1901 347 1954 ta,
378 1901 424 1943 et
448 1899 597 1957 prima
627 1904 811 1955 quaeque
841 1898 1008 1952 littera,
1026 1909 1054 1940 a
1082 1910 1169 1955 qua
1193 1899 1365 1957 singuli
1397 1898 1476 1950 vel
1501 1898 1667 1941 alterni

284 1987 447 2023 versus
474 1978 723 2036 incipiunt,
766 1978 902 2021 rubro
932 1977 1082 2021 colore
1111 1979 1237 2035 picta
1264 1981 1363 2032 est3
1412 1976 1500 2020 duo
1537 1977 1668 2020 dein-

285 2068 396 2114 ceps
419 2056 537 2098 folia·
558 2060 603 2099 et
636 2069 832 2113 sequens
866 2057 1038 2114 pagina
1065 2057 1212 2099 minus
1253 2058 1387 2114 nigro
1416 2058 1667 2099 atramento

286 2136 331 2178 et
355 2135 503 2179 minus
529 2135 674 2179 nitide
703 2137 877 2193 scripta
906 2138 1011 2179 sunt
1040 2148 1186 2192 neque
1214 2136 1362 2180 rubrae
1392 2130 1556 2181 litterae
1584 2147 1667 2194 ap-

283 2216 447 2269 parent
481 2215 571 2258 nisi
606 2216 709 2272 post
746 2227 911 2258 novum
954 2214 1150 2268 titulum3
1201 2214 1356 2257 eodem
1385 2215 1540 2270 modo,
1581 2214 1664 2258 sed

284 2293 432 2335 minus
461 2293 743 2348 pallescente
772 2295 1021 2337 atramento
1051 2294 1286 2348 sequentia
1313 2306 1453 2349 usque
1478 2293 1537 2336 ad
1555 2305 1663 2351 sep-

254 2371 380 2434 aetimi
402 2370 508 2414 ‘folii
531 2372 782 2416 columnam
812 2373 1031 2427 alteram,
1079 2357 1177 2429 quae
1221 2372 1369 2415 omnia
1406 2372 1464 2415 ab
1505 2371 1665 2416 eodem

281 2440 469 2493 librario
498 2452 708 2499 confecta
737 2464 840 2495 esse
870 2451 1106 2506 videntur3
1151 2452 1257 2495 inde
1293 2452 1468 2508 reliqua
1497 2452 1589 2495 alia
1619 2455 1666 2495 et

311 2655 415 2699 1)1u
456 2654 528 2690 ima
559 2654 680 2699 prImae
714 2653 851 2697 pagium
896 2664 961 2688 ora
994 2657 1158 2689 notatur:
1204 2654 1385 2698 „Lucretii
1422 2656 1662 2701 fragmentum

377 2726 407 2763 Q
440 2721 567 2765 4784st
593 2720 648 2766 qui
676 2731 843 2760 numerus
868 2733 935 2767 quo
964 2721 1138 2765 pertineat
1164 2732 1233 2755 non
1253 2720 1374 2765 liquet.
