2054 3236
363 280 428 331 12

360 420 484 477 aliis,
511 424 696 467 confuse
729 425 899 475 attulit,
925 425 1064 466 multa
1093 437 1220 477 vero,
1253 427 1355 470 sive
1395 437 1450 468 ea
1491 427 1561 467 est
1591 427 1750 482 ipsius,

359 503 464 548 sive
494 505 739 556 auctorum,
772 516 883 559 quos
918 504 1103 547 secutus
1134 504 1219 558 est⁷
1250 502 1409 559 culpa,
1440 502 1557 547 falsa
1585 503 1752 549 attulit.

361 580 456 625 Sed
489 582 641 639 magni
670 582 894 638 imprimis
925 584 1139 625 momenti
1165 595 1220 625 eo
1246 583 1428 625 nomine
1461 586 1531 626 est
1559 583 1634 628 hic
1675 595 1752 625 co-

360 660 453 704 dex
479 662 667 717 eiusque
698 662 889 715 similes,
921 661 1038 718 quod
1068 675 1221 705 eorum
1252 674 1337 719 ope
1357 662 1623 706 Lucretiani
1651 664 1752 706 tex-

359 742 432 782 tus
472 738 667 782 historia
706 742 750 782 et
791 741 920 794 quasi
962 740 1102 782 satum
1144 742 1401 783 accuratius
1445 742 1752 799 cognoscitur.

359 819 477 863 Nam
507 831 638 875 quum
676 817 724 860 hi
766 818 952 863 codices
997 819 1055 862 ab
1094 819 1293 863 indoctis
1325 820 1530 864 librariis
1574 821 1754 867 exarati

357 899 576 957 religiose
602 896 882 940 adhaeserint
909 897 1152 955 archetypi
1189 900 1451 954 scriptume,
1483 911 1637 942 eorum
1667 897 1752 941 de-

354 992 473 1021 mum
502 978 840 1033 comparatione
868 977 1158 1035 intelligitur,
1198 977 1306 1033 quid
1343 976 1515 1034 quoque
1551 978 1662 1021 vloco
1705 979 1753 1020 in

357 1057 512 1113 prisco
551 1056 631 1099 illo
673 1056 928 1112 exemplari
977 1057 1080 1101 sive
1118 1058 1360 1114 perspicue
1394 1060 1439 1100 et
1474 1059 1599 1101 recte
1650 1056 1752 1101 sive

358 1135 553 1179 obscure
581 1137 660 1178 aut
688 1135 875 1178 confuse
905 1141 982 1178 aut
1013 1137 1222 1192 corrupte
1252 1137 1468 1193 scriptum
1484 1133 1752 1191 fuerit,quid

356 1214 602 1272 paullatim·
647 1216 951 1258 recentiorum
999 1216 1290 1258 librariorum
1347 1226 1613 1271 eorumque,
1677 1215 1753 1269 qui

354 1293 675 1338 Lucretianum
708 1305 893 1338 carmen
926 1296 1051 1353 typis
1082 1294 1337 1346 ediderunt,
1369 1294 1647 1338 coniecturis
1677 1293 1753 1339 vel

358 1372 786 1428 interpolationibus
816 1374 991 1418 illatum
1019 1375 1094 1417 sit.
1156 1373 1309 1429 Atque
1339 1372 1426 1417 hoc
1456 1374 1606 1431 magis
1633 1372 1750 1416 adeo

355 1454 404 1495 in
433 1465 646 1497 versuum
676 1454 920 1497 omissione
971 1456 1049 1497 aut
1087 1454 1266 1497 turbato
1310 1452 1410 1496 loco
1457 1453 1751 1510 perspicitur,

356 1543 486 1587 quam
518 1533 565 1573 in
594 1533 878 1589 singulorum
908 1533 1154 1577 verborum
1182 1534 1453 1589 scripturis:
1485 1542 1750 1587 quamquam

355 1612 492 1653 etiam
528 1612 575 1653 in
606 1612 662 1653 iis
703 1611 1001 1665 lectionibuS.,
1057 1624 1156 1667 quae
1196 1610 1374 1667 quidem
1411 1608 1606 1653 alicuius
1652 1622 1748 1653 mo-

352 1690 492 1731 menti
535 1690 651 1743 sim,
695 1690 835 1731 mirus
874 1690 1136 1746 plerumque
1179 1693 1250 1732 est
1297 1692 1502 1734 veterum
1543 1688 1750 1732 codicum

353 1781 618 1813 consensus.
709 1769 762 1812 In
803 1759 1115 1827 Gottorpiensi
1161 1768 1209 1812 bi
1248 1781 1439 1822 versus,
1485 1767 1562 1823 qui
1594 1779 1750 1811 onmes

356 1850 463 1890 sunt
486 1848 621 1905 primi
649 1848 771 1903 libri,
797 1849 888 1893 alio
915 1851 1050 1905 atque
1082 1849 1129 1891 in
1160 1847 1441 1892 editionibus
1480 1847 1580 1890 loco
1611 1847 1748 1904 positi

352 1927 642 1982 reperiuntur
653 1940 665 1970 ε

409 2005 447 2048 Ι.
504 2005 611 2049 Vss.
644 2008 716 2061 14,
741 2010 796 2052 15
824 2010 1012 2054 inverso
1044 2006 1218 2051 ordine.
1281 2004 1421 2059 Quam
1453 2005 1573 2048 mala
1600 2006 1748 2048 autem

351 2083 466 2128 fides
496 2087 560 2128 sit
588 2085 942 2143 Havercampii‚
987 2087 1066 2132 vel
1105 2098 1165 2130 ex
1207 2098 1261 2129 eo
1300 2084 1599 2143 intelligitur,
1631 2082 1749 2140 quod

353 2162 473 2206 nihil
502 2176 649 2221 neque
677 2164 734 2209 de
766 2164 1076 2225 Gottorpiensi
1105 2178 1251 2223 neque
1278 2163 1335 2208 de
1364 2162 1747 2222 Lugdunensibus

349 2245 500 2298 notat3
534 2243 617 2286 sed
648 2257 778 2300 quam
807 2258 941 2289 unam
969 2246 1102 2289 affert
1130 2245 1193 2288 ad
1222 2257 1296 2289 vs·
1330 2245 1386 2286 15
1411 2241 1653 2292 (debuerat
1683 2240 1744 2284 ad

350 2336 420 2368 vs.
454 2324 509 2366 14
537 2323 725 2376 afferre)
754 2325 953 2369 notulam
983 2324 1141 2368 Vossii
1171 2322 1235 2374 (V
1239 2324 1285 2377 ]:
1328 2320 1449 2378 „Hic
1481 2333 1644 2367 versus
1669 2332 1743 2365 se-

353 2405 507 2458 quenti
537 2405 869 2462 postponitur,“
911 2406 1048 2447 etiam
1091 2405 1137 2446 in
1176 2401 1561 2461 Lugdunensibus
1589 2400 1742 2445 turba-

351 2483 440 2523 tum
473 2494 577 2525 esse
606 2483 809 2526 ordinem
842 2484 1046 2528 indicare
1077 2483 1275 2529 videtur.
1315 2484 1359 2535 ¹)

1448 2602 1730 2613 -—-———-

381 2681 421 2724 ¹)
448 2683 593 2726 Signum
621 2688 666 2720 V.
690 2689 848 2721 Haverc.
885 2686 918 2720 in
948 2688 1016 2720 fine
1053 2686 1192 2731 proefat.
1229 2685 1436 2729 significare
1471 2683 1556 2720 dicit
1588 2683 1740 2727 „lectio-

442 2759 508 2783 nes
534 2751 761 2795 Vossianas,
799 2764 886 2797 quas
918 2752 1069 2796 margini
1105 2752 1185 2787 libri
1224 2751 1280 2786 sui
1318 2750 1540 2795 imprimendi
1573 2749 1634 2795 (⁴3)
1673 2751 1740 2785 ad-
