<?xml version="1.0" encoding="UTF-8"?>
<!DOCTYPE html PUBLIC "-//W3C//DTD XHTML 1.0 Transitional//EN"
    "http://www.w3.org/TR/xhtml1/DTD/xhtml1-transitional.dtd">
<html xmlns="http://www.w3.org/1999/xhtml" xml:lang="en" lang="en">
 <head>
  <title>
</title>
<meta http-equiv="Content-Type" content="text/html;charset=utf-8" />
  <meta name='ocr-system' content='tesseract 3.04.00' />
  <meta name='ocr-capabilities' content='ocr_page ocr_carea ocr_par ocr_line ocrx_word'/>
</head>
<body>
  <div class='ocr_page' id='page_1' title='image "./4738042_0020.png"; bbox 0 0 2048 3211; ppageno 0'>
   <div class='ocr_carea' id='block_1_1' title="bbox 362 260 427 311">
    <p class='ocr_par' dir='ltr' id='par_1_1' title="bbox 362 260 427 311">
     <span class='ocr_line' id='line_1_1' title="bbox 362 260 427 311; baseline 0 0"><span class='ocrx_word' id='word_1_1' title='bbox 362 260 427 311; x_wconf 78' lang='lat'><strong>10</strong></span> 
     </span>
    </p>
   </div>
   <div class='ocr_carea' id='block_1_2' title="bbox 349 394 1779 2749">
    <p class='ocr_par' dir='ltr' id='par_1_2' title="bbox 349 394 1779 2591">
     <span class='ocr_line' id='line_1_2' title="bbox 362 394 1750 458; baseline -0.001 -11"><span class='ocrx_word' id='word_1_2' title='bbox 362 403 590 447; x_wconf 86' lang='lat' dir='ltr'><strong>deteriore</strong></span> <span class='ocrx_word' id='word_1_3' title='bbox 616 414 746 445; x_wconf 82' lang='lat' dir='ltr'><strong>manu</strong></span> <span class='ocrx_word' id='word_1_4' title='bbox 786 401 844 444; x_wconf 82' lang='lat' dir='ltr'><strong>ab</strong></span> <span class='ocrx_word' id='word_1_5' title='bbox 883 402 1094 458; x_wconf 83' lang='lat' dir='ltr'><strong>imperito</strong></span> <span class='ocrx_word' id='word_1_6' title='bbox 1131 412 1316 457; x_wconf 84' lang='lat' dir='ltr'><strong>prorsus</strong></span> <span class='ocrx_word' id='word_1_7' title='bbox 1351 399 1539 443; x_wconf 83' lang='lat' dir='ltr'><strong>librario</strong></span> <span class='ocrx_word' id='word_1_8' title='bbox 1576 394 1750 458; x_wconf 81' lang='lat' dir='ltr'><strong>scripta</strong></span> 
     </span>
     <span class='ocr_line' id='line_1_3' title="bbox 361 476 1750 530; baseline -0.001 -5"><span class='ocrx_word' id='word_1_9' title='bbox 361 488 480 526; x_wconf 88' lang='lat' dir='ltr'><strong>sunt.</strong></span> <span class='ocrx_word' id='word_1_10' title='bbox 545 479 706 524; x_wconf 80' lang='lat' dir='ltr'>Codex</span> <span class='ocrx_word' id='word_1_11' title='bbox 731 491 851 523; x_wconf 90' lang='lat' dir='ltr'><strong>nunc</strong></span> <span class='ocrx_word' id='word_1_12' title='bbox 894 481 1073 523; x_wconf 83' lang='lat' dir='ltr'><strong>constat</strong></span> <span class='ocrx_word' id='word_1_13' title='bbox 1114 481 1216 522; x_wconf 89' lang='lat' dir='ltr'><strong>octo</strong></span> <span class='ocrx_word' id='word_1_14' title='bbox 1254 479 1378 521; x_wconf 82' lang='lat' dir='ltr'><strong>foliis</strong></span> <span class='ocrx_word' id='word_1_15' title='bbox 1418 480 1464 523; x_wconf 88' lang='lat' dir='ltr'><strong>et</strong></span> <span class='ocrx_word' id='word_1_16' title='bbox 1501 476 1750 530; x_wconf 18' lang='lat' dir='ltr'><strong>desinitssin</strong></span> 
     </span>
     <span class='ocr_line' id='line_1_4' title="bbox 360 549 1779 615; baseline -0.004 -9"><span class='ocrx_word' id='word_1_17' title='bbox 360 576 432 607; x_wconf 77' lang='lat' dir='ltr'><strong>vs,</strong></span> <span class='ocrx_word' id='word_1_18' title='bbox 455 562 542 604; x_wconf 80' lang='lat'><strong>456</strong></span> <span class='ocrx_word' id='word_1_19' title='bbox 570 560 675 603; x_wconf 86' lang='lat' dir='ltr'><strong>libri</strong></span> <span class='ocrx_word' id='word_1_20' title='bbox 706 558 924 614; x_wconf 88' lang='lat' dir='ltr'><strong>secundi;</strong></span> <span class='ocrx_word' id='word_1_21' title='bbox 956 572 1101 615; x_wconf 85' lang='lat' dir='ltr'><strong>neque</strong></span> <span class='ocrx_word' id='word_1_22' title='bbox 1131 572 1231 603; x_wconf 90' lang='lat' dir='ltr'><strong>eum</strong></span> <span class='ocrx_word' id='word_1_23' title='bbox 1259 558 1369 603; x_wconf 87' lang='lat' dir='ltr'><strong>belli</strong></span> <span class='ocrx_word' id='word_1_24' title='bbox 1399 557 1573 614; x_wconf 88' lang='lat' dir='ltr'><strong>demum</strong></span> <span class='ocrx_word' id='word_1_25' title='bbox 1603 557 1749 603; x_wconf 81' lang='lat' dir='ltr'><strong>turbis</strong></span> <span class='ocrx_word' id='word_1_26' title='bbox 1767 549 1779 561; x_wconf 64' lang='lat'>⁸</span> 
     </span>
     <span class='ocr_line' id='line_1_5' title="bbox 359 637 1747 694; baseline -0.002 -10"><span class='ocrx_word' id='word_1_27' title='bbox 359 643 529 684; x_wconf 84' lang='lat' dir='ltr'><strong>tantam</strong></span> <span class='ocrx_word' id='word_1_28' title='bbox 564 640 783 684; x_wconf 85' lang='lat' dir='ltr'><strong>iacturam</strong></span> <span class='ocrx_word' id='word_1_29' title='bbox 816 639 999 694; x_wconf 81' lang='lat' dir='ltr'><strong>fecisse,</strong></span> <span class='ocrx_word' id='word_1_30' title='bbox 1037 638 1120 682; x_wconf 91' lang='lat' dir='ltr'><strong>sed</strong></span> <span class='ocrx_word' id='word_1_31' title='bbox 1151 640 1238 681; x_wconf 80' lang='lat' dir='ltr'><strong>iam</strong></span> <span class='ocrx_word' id='word_1_32' title='bbox 1269 638 1425 682; x_wconf 86' lang='lat' dir='ltr'><strong>seculo</strong></span> <span class='ocrx_word' id='word_1_33' title='bbox 1456 637 1594 682; x_wconf 85' lang='lat' dir='ltr'>XVII</span> <span class='ocrx_word' id='word_1_34' title='bbox 1620 648 1747 682; x_wconf 80' lang='lat' dir='ltr'><strong>man-</strong></span> 
     </span>
     <span class='ocr_line' id='line_1_6' title="bbox 359 715 1748 776; baseline -0.004 -12"><span class='ocrx_word' id='word_1_35' title='bbox 359 733 460 765; x_wconf 89' lang='lat' dir='ltr'><strong>cum</strong></span> <span class='ocrx_word' id='word_1_36' title='bbox 490 719 648 772; x_wconf 80' lang='lat' dir='ltr'><strong>fuisse,</strong></span> <span class='ocrx_word' id='word_1_37' title='bbox 679 719 871 776; x_wconf 83' lang='lat' dir='ltr'><strong>apparet</strong></span> <span class='ocrx_word' id='word_1_38' title='bbox 899 730 960 761; x_wconf 85' lang='lat' dir='ltr'><strong>ex</strong></span> <span class='ocrx_word' id='word_1_39' title='bbox 1000 717 1266 776; x_wconf 83' lang='lat' dir='ltr'><strong>apographo</strong></span> <span class='ocrx_word' id='word_1_40' title='bbox 1297 717 1556 761; x_wconf 83' lang='lat' dir='ltr'><strong>collationis</strong></span> <span class='ocrx_word' id='word_1_41' title='bbox 1585 715 1748 760; x_wconf 87' lang='lat' dir='ltr'><strong>Vossi-</strong></span> 
     </span>
     <span class='ocr_line' id='line_1_7' title="bbox 358 795 1748 853; baseline -0.004 -11"><span class='ocrx_word' id='word_1_42' title='bbox 358 812 472 853; x_wconf 83' lang='lat' dir='ltr'><strong>anae,</strong></span> <span class='ocrx_word' id='word_1_43' title='bbox 506 800 552 840; x_wconf 93' lang='lat' dir='ltr'><strong>in</strong></span> <span class='ocrx_word' id='word_1_44' title='bbox 579 810 665 853; x_wconf 91' lang='lat' dir='ltr'><strong>quo</strong></span> <span class='ocrx_word' id='word_1_45' title='bbox 696 796 901 839; x_wconf 84' lang='lat' dir='ltr'><strong>codicem</strong></span> <span class='ocrx_word' id='word_1_46' title='bbox 932 796 1126 840; x_wconf 81' lang='lat' dir='ltr'><strong>deiicere</strong></span> <span class='ocrx_word' id='word_1_47' title='bbox 1156 800 1355 840; x_wconf 87' lang='lat' dir='ltr'><strong>notatum</strong></span> <span class='ocrx_word' id='word_1_48' title='bbox 1391 799 1462 838; x_wconf 87' lang='lat' dir='ltr'><strong>est</strong></span> <span class='ocrx_word' id='word_1_49' title='bbox 1491 795 1651 853; x_wconf 87' lang='lat' dir='ltr'><strong>eodem</strong></span> <span class='ocrx_word' id='word_1_50' title='bbox 1680 796 1748 837; x_wconf 88' lang='lat' dir='ltr'><strong>lo-</strong></span> 
     </span>
     <span class='ocr_line' id='line_1_8' title="bbox 354 873 1751 932; baseline -0.005 -9"><span class='ocrx_word' id='word_1_51' title='bbox 354 891 424 932; x_wconf 72' lang='lat' dir='ltr'><strong>co,</strong></span> <span class='ocrx_word' id='word_1_52' title='bbox 455 878 532 921; x_wconf 92' lang='lat' dir='ltr'><strong>ubi</strong></span> <span class='ocrx_word' id='word_1_53' title='bbox 559 888 677 923; x_wconf 90' lang='lat' dir='ltr'><strong>nunc</strong></span> <span class='ocrx_word' id='word_1_54' title='bbox 710 874 894 919; x_wconf 82' lang='lat' dir='ltr'><strong>desinit.</strong></span> <span class='ocrx_word' id='word_1_55' title='bbox 981 874 1077 920; x_wconf 86' lang='lat' dir='ltr'><strong>Sed</strong></span> <span class='ocrx_word' id='word_1_56' title='bbox 1108 877 1199 920; x_wconf 83' lang='lat' dir='ltr'><strong>allo</strong></span> <span class='ocrx_word' id='word_1_57' title='bbox 1238 876 1417 919; x_wconf 93' lang='lat' dir='ltr'><strong>nomine</strong></span> <span class='ocrx_word' id='word_1_58' title='bbox 1457 873 1641 917; x_wconf 88' lang='lat' dir='ltr'><strong>mutilus</strong></span> <span class='ocrx_word' id='word_1_59' title='bbox 1679 875 1751 917; x_wconf 86' lang='lat' dir='ltr'><strong>est</strong></span> 
     </span>
     <span class='ocr_line' id='line_1_9' title="bbox 353 954 1749 1012; baseline -0.002 -12"><span class='ocrx_word' id='word_1_60' title='bbox 353 956 529 1010; x_wconf 81' lang='lat' dir='ltr'><strong>codex3</strong></span> <span class='ocrx_word' id='word_1_61' title='bbox 560 966 663 997; x_wconf 84' lang='lat' dir='ltr'><strong>nam</strong></span> <span class='ocrx_word' id='word_1_62' title='bbox 692 954 877 997; x_wconf 88' lang='lat' dir='ltr'><strong>humore</strong></span> <span class='ocrx_word' id='word_1_63' title='bbox 907 957 1074 1011; x_wconf 87' lang='lat' dir='ltr'><strong>partim</strong></span> <span class='ocrx_word' id='word_1_64' title='bbox 1117 956 1270 999; x_wconf 85' lang='lat' dir='ltr'><strong>deleta</strong></span> <span class='ocrx_word' id='word_1_65' title='bbox 1309 957 1475 1012; x_wconf 85' lang='lat' dir='ltr'><strong>partim</strong></span> <span class='ocrx_word' id='word_1_66' title='bbox 1504 965 1647 997; x_wconf 76' lang='lat' dir='ltr'><strong>exesa</strong></span> <span class='ocrx_word' id='word_1_67' title='bbox 1676 956 1749 997; x_wconf 80' lang='lat' dir='ltr'><strong>est</strong></span> 
     </span>
     <span class='ocr_line' id='line_1_10' title="bbox 353 1032 1748 1091; baseline -0.001 -13"><span class='ocrx_word' id='word_1_68' title='bbox 353 1036 582 1090; x_wconf 87' lang='lat' dir='ltr'><strong>scriptura</strong></span> <span class='ocrx_word' id='word_1_69' title='bbox 611 1033 802 1077; x_wconf 85' lang='lat' dir='ltr'><strong>alterius</strong></span> <span class='ocrx_word' id='word_1_70' title='bbox 833 1046 924 1077; x_wconf 83' lang='lat' dir='ltr'><strong>orae</strong></span> <span class='ocrx_word' id='word_1_71' title='bbox 958 1035 1034 1077; x_wconf 91' lang='lat' dir='ltr'><strong>imi</strong></span> <span class='ocrx_word' id='word_1_72' title='bbox 1059 1036 1278 1091; x_wconf 89' lang='lat' dir='ltr'><strong>cuiusque</strong></span> <span class='ocrx_word' id='word_1_73' title='bbox 1306 1034 1440 1088; x_wconf 82' lang='lat' dir='ltr'><strong>folii‚¹</strong></span> <span class='ocrx_word' id='word_1_74' title='bbox 1469 1036 1515 1077; x_wconf 90' lang='lat' dir='ltr'><strong>et</strong></span> <span class='ocrx_word' id='word_1_75' title='bbox 1541 1032 1748 1077; x_wconf 85' lang='lat' dir='ltr'><strong>damnmn</strong></span> 
     </span>
     <span class='ocr_line' id='line_1_11' title="bbox 353 1111 1749 1171; baseline -0.001 -15"><span class='ocrx_word' id='word_1_76' title='bbox 353 1113 515 1167; x_wconf 81' lang='lat' dir='ltr'><strong>auxit,</strong></span> <span class='ocrx_word' id='word_1_77' title='bbox 569 1113 644 1169; x_wconf 92' lang='lat' dir='ltr'><strong>qui</strong></span> <span class='ocrx_word' id='word_1_78' title='bbox 681 1112 845 1155; x_wconf 89' lang='lat' dir='ltr'><strong>librum</strong></span> <span class='ocrx_word' id='word_1_79' title='bbox 887 1114 1047 1157; x_wconf 89' lang='lat' dir='ltr'><strong>iterum</strong></span> <span class='ocrx_word' id='word_1_80' title='bbox 1095 1114 1433 1171; x_wconf 80' lang='lat' dir='ltr'><strong>conglutinavit</strong></span> <span class='ocrx_word' id='word_1_81' title='bbox 1469 1114 1515 1155; x_wconf 92' lang='lat' dir='ltr'><strong>et</strong></span> <span class='ocrx_word' id='word_1_82' title='bbox 1558 1111 1749 1155; x_wconf 77' lang='lat' dir='ltr'><strong>lacunas</strong></span> 
     </span>
     <span class='ocr_line' id='line_1_12' title="bbox 353 1189 1747 1249; baseline -0.001 -16"><span class='ocrx_word' id='word_1_83' title='bbox 353 1202 469 1248; x_wconf 87' lang='lat' dir='ltr'><strong>pura</strong></span> <span class='ocrx_word' id='word_1_84' title='bbox 498 1192 760 1234; x_wconf 83' lang='lat' dir='ltr'><strong>membrana</strong></span> <span class='ocrx_word' id='word_1_85' title='bbox 792 1193 1049 1249; x_wconf 90' lang='lat' dir='ltr'><strong>supplevit;</strong></span> <span class='ocrx_word' id='word_1_86' title='bbox 1092 1192 1176 1236; x_wconf 86' lang='lat' dir='ltr'><strong>hoc</strong></span> <span class='ocrx_word' id='word_1_87' title='bbox 1216 1195 1365 1235; x_wconf 81' lang='lat' dir='ltr'><strong>autem</strong></span> <span class='ocrx_word' id='word_1_88' title='bbox 1404 1190 1636 1247; x_wconf 85' lang='lat' dir='ltr'><strong>aliquanto</strong></span> <span class='ocrx_word' id='word_1_89' title='bbox 1667 1189 1747 1233; x_wconf 92' lang='lat' dir='ltr'><strong>de-</strong></span> 
     </span>
     <span class='ocr_line' id='line_1_13' title="bbox 352 1268 1749 1327; baseline 0 -15"><span class='ocrx_word' id='word_1_90' title='bbox 352 1283 469 1312; x_wconf 91' lang='lat' dir='ltr'><strong>mum</strong></span> <span class='ocrx_word' id='word_1_91' title='bbox 502 1272 606 1327; x_wconf 89' lang='lat' dir='ltr'><strong>post</strong></span> <span class='ocrx_word' id='word_1_92' title='bbox 633 1273 865 1326; x_wconf 86' lang='lat' dir='ltr'><strong>receptum</strong></span> <span class='ocrx_word' id='word_1_93' title='bbox 894 1272 941 1314; x_wconf 91' lang='lat' dir='ltr'><strong>in</strong></span> <span class='ocrx_word' id='word_1_94' title='bbox 960 1270 1275 1316; x_wconf 85' lang='lat' dir='ltr'><strong>Havniensem</strong></span> <span class='ocrx_word' id='word_1_95' title='bbox 1312 1269 1631 1313; x_wconf 79' lang='lat' dir='ltr'><strong>bibliothecam</strong></span> <span class='ocrx_word' id='word_1_96' title='bbox 1660 1268 1749 1312; x_wconf 82' lang='lat' dir='ltr'><strong>lib-</strong></span> 
     </span>
     <span class='ocr_line' id='line_1_14' title="bbox 352 1348 1747 1407; baseline 0 -15"><span class='ocrx_word' id='word_1_97' title='bbox 352 1362 449 1392; x_wconf 90' lang='lat' dir='ltr'><strong>rum</strong></span> <span class='ocrx_word' id='word_1_98' title='bbox 480 1348 648 1393; x_wconf 80' lang='lat' dir='ltr'><strong>sactum</strong></span> <span class='ocrx_word' id='word_1_99' title='bbox 674 1362 803 1404; x_wconf 79' lang='lat' dir='ltr'><strong>esse,</strong></span> <span class='ocrx_word' id='word_1_100' title='bbox 846 1349 1018 1393; x_wconf 88' lang='lat' dir='ltr'><strong>indicio</strong></span> <span class='ocrx_word' id='word_1_101' title='bbox 1044 1352 1149 1393; x_wconf 91' lang='lat' dir='ltr'><strong>sunt</strong></span> <span class='ocrx_word' id='word_1_102' title='bbox 1188 1351 1318 1407; x_wconf 82' lang='lat' dir='ltr'><strong>regia</strong></span> <span class='ocrx_word' id='word_1_103' title='bbox 1358 1349 1610 1393; x_wconf 77' lang='lat' dir='ltr'><strong>Christiani</strong></span> <span class='ocrx_word' id='word_1_104' title='bbox 1641 1360 1747 1405; x_wconf 79' lang='lat' dir='ltr'><strong>sep-</strong></span> 
     </span>
     <span class='ocr_line' id='line_1_15' title="bbox 354 1427 1748 1486; baseline 0 -16"><span class='ocrx_word' id='word_1_105' title='bbox 354 1429 451 1471; x_wconf 86' lang='lat' dir='ltr'><strong>timi</strong></span> <span class='ocrx_word' id='word_1_106' title='bbox 483 1429 684 1485; x_wconf 81' lang='lat' dir='ltr'><strong>insignia</strong></span> <span class='ocrx_word' id='word_1_107' title='bbox 716 1429 953 1473; x_wconf 89' lang='lat' dir='ltr'><strong>involucro</strong></span> <span class='ocrx_word' id='word_1_108' title='bbox 981 1430 1218 1486; x_wconf 84' lang='lat' dir='ltr'><strong>impressa.</strong></span> <span class='ocrx_word' id='word_1_109' title='bbox 1287 1429 1358 1472; x_wconf 87' lang='lat' dir='ltr'><strong>Ita</strong></span> <span class='ocrx_word' id='word_1_110' title='bbox 1398 1441 1498 1472; x_wconf 88' lang='lat' dir='ltr'><strong>cum</strong></span> <span class='ocrx_word' id='word_1_111' title='bbox 1543 1427 1748 1485; x_wconf 80' lang='lat' dir='ltr'><strong>singulo-</strong></span> 
     </span>
     <span class='ocr_line' id='line_1_16' title="bbox 351 1506 1746 1565; baseline 0.001 -17"><span class='ocrx_word' id='word_1_112' title='bbox 351 1519 449 1548; x_wconf 88' lang='lat' dir='ltr'><strong>rum</strong></span> <span class='ocrx_word' id='word_1_113' title='bbox 482 1506 578 1548; x_wconf 80' lang='lat' dir='ltr'><strong>fere</strong></span> <span class='ocrx_word' id='word_1_114' title='bbox 605 1506 813 1549; x_wconf 83' lang='lat' dir='ltr'><strong>foliorum</strong></span> <span class='ocrx_word' id='word_1_115' title='bbox 843 1508 932 1549; x_wconf 89' lang='lat' dir='ltr'><strong>imo</strong></span> <span class='ocrx_word' id='word_1_116' title='bbox 961 1508 1168 1565; x_wconf 85' lang='lat' dir='ltr'><strong>margine</strong></span> <span class='ocrx_word' id='word_1_117' title='bbox 1198 1511 1482 1553; x_wconf 87' lang='lat' dir='ltr'><strong>evanuerunt</strong></span> <span class='ocrx_word' id='word_1_118' title='bbox 1509 1506 1746 1550; x_wconf 82' lang='lat' dir='ltr'><strong>nonnullo·-</strong></span> 
     </span>
     <span class='ocr_line' id='line_1_17' title="bbox 354 1587 1748 1643; baseline -0.001 -14"><span class='ocrx_word' id='word_1_119' title='bbox 354 1599 451 1629; x_wconf 87' lang='lat' dir='ltr'><strong>rum</strong></span> <span class='ocrx_word' id='word_1_120' title='bbox 491 1598 705 1629; x_wconf 88' lang='lat' dir='ltr'><strong>versuum</strong></span> <span class='ocrx_word' id='word_1_121' title='bbox 745 1588 901 1642; x_wconf 81' lang='lat' dir='ltr'><strong>primae</strong></span> <span class='ocrx_word' id='word_1_122' title='bbox 940 1587 1105 1630; x_wconf 87' lang='lat' dir='ltr'><strong>litterae</strong></span> <span class='ocrx_word' id='word_1_123' title='bbox 1147 1589 1194 1630; x_wconf 91' lang='lat' dir='ltr'><strong>in</strong></span> <span class='ocrx_word' id='word_1_124' title='bbox 1233 1588 1410 1643; x_wconf 82' lang='lat' dir='ltr'><strong>priore,</strong></span> <span class='ocrx_word' id='word_1_125' title='bbox 1439 1589 1657 1629; x_wconf 78' lang='lat' dir='ltr'><strong>extremae</strong></span> <span class='ocrx_word' id='word_1_126' title='bbox 1700 1587 1748 1628; x_wconf 83' lang='lat' dir='ltr'><strong>in</strong></span> 
     </span>
     <span class='ocr_line' id='line_1_18' title="bbox 358 1663 1747 1722; baseline 0 -13"><span class='ocrx_word' id='word_1_127' title='bbox 358 1675 528 1709; x_wconf 82' lang='lat' dir='ltr'><strong>aversa</strong></span> <span class='ocrx_word' id='word_1_128' title='bbox 558 1665 743 1721; x_wconf 81' lang='lat' dir='ltr'><strong>pagina.</strong></span> <span class='ocrx_word' id='word_1_129' title='bbox 805 1663 944 1708; x_wconf 82' lang='lat' dir='ltr'>Haud</span> <span class='ocrx_word' id='word_1_130' title='bbox 981 1677 1139 1722; x_wconf 81' lang='lat' dir='ltr'><strong>paucae</strong></span> <span class='ocrx_word' id='word_1_131' title='bbox 1177 1667 1471 1712; x_wconf 86' lang='lat' dir='ltr'><strong>inveniuntur</strong></span> <span class='ocrx_word' id='word_1_132' title='bbox 1499 1666 1747 1710; x_wconf 88' lang='lat' dir='ltr'><strong>correctio-</strong></span> 
     </span>
     <span class='ocr_line' id='line_1_19' title="bbox 349 1742 1749 1802; baseline 0.001 -16"><span class='ocrx_word' id='word_1_133' title='bbox 349 1755 435 1786; x_wconf 86' lang='lat' dir='ltr'><strong>nes</strong></span> <span class='ocrx_word' id='word_1_134' title='bbox 463 1744 628 1799; x_wconf 85' lang='lat' dir='ltr'><strong>partim</strong></span> <span class='ocrx_word' id='word_1_135' title='bbox 659 1743 717 1785; x_wconf 85' lang='lat' dir='ltr'><strong>ab</strong></span> <span class='ocrx_word' id='word_1_136' title='bbox 743 1742 903 1786; x_wconf 89' lang='lat' dir='ltr'><strong>iisdem</strong></span> <span class='ocrx_word' id='word_1_137' title='bbox 936 1744 1156 1799; x_wconf 79' lang='lat' dir='ltr'><strong>librariis,</strong></span> <span class='ocrx_word' id='word_1_138' title='bbox 1186 1757 1215 1788; x_wconf 86' lang='lat' dir='ltr'><strong>a</strong></span> <span class='ocrx_word' id='word_1_139' title='bbox 1239 1745 1401 1802; x_wconf 89' lang='lat' dir='ltr'><strong>quibus</strong></span> <span class='ocrx_word' id='word_1_140' title='bbox 1439 1747 1639 1802; x_wconf 87' lang='lat' dir='ltr'><strong>scriptus</strong></span> <span class='ocrx_word' id='word_1_141' title='bbox 1678 1747 1749 1788; x_wconf 80' lang='lat' dir='ltr'><strong>est</strong></span> 
     </span>
     <span class='ocr_line' id='line_1_20' title="bbox 353 1822 1748 1881; baseline 0 -15"><span class='ocrx_word' id='word_1_142' title='bbox 353 1822 519 1877; x_wconf 85' lang='lat' dir='ltr'><strong>codex,</strong></span> <span class='ocrx_word' id='word_1_143' title='bbox 550 1823 715 1879; x_wconf 83' lang='lat' dir='ltr'><strong>partim</strong></span> <span class='ocrx_word' id='word_1_144' title='bbox 745 1834 774 1865; x_wconf 88' lang='lat' dir='ltr'><strong>a</strong></span> <span class='ocrx_word' id='word_1_145' title='bbox 799 1826 1056 1867; x_wconf 85' lang='lat' dir='ltr'><strong>recentiore</strong></span> <span class='ocrx_word' id='word_1_146' title='bbox 1085 1836 1218 1868; x_wconf 86' lang='lat' dir='ltr'><strong>manu</strong></span> <span class='ocrx_word' id='word_1_147' title='bbox 1249 1825 1383 1869; x_wconf 84' lang='lat' dir='ltr'><strong>factae</strong></span> <span class='ocrx_word' id='word_1_148' title='bbox 1412 1825 1491 1869; x_wconf 89' lang='lat' dir='ltr'><strong>vel</strong></span> <span class='ocrx_word' id='word_1_149' title='bbox 1519 1836 1658 1881; x_wconf 82' lang='lat' dir='ltr'><strong>supra</strong></span> <span class='ocrx_word' id='word_1_150' title='bbox 1685 1823 1748 1866; x_wconf 91' lang='lat' dir='ltr'><strong>li-</strong></span> 
     </span>
     <span class='ocr_line' id='line_1_21' title="bbox 349 1901 1747 1963; baseline 0.002 -19"><span class='ocrx_word' id='word_1_151' title='bbox 349 1912 463 1945; x_wconf 81' lang='lat' dir='ltr'><strong>neas</strong></span> <span class='ocrx_word' id='word_1_152' title='bbox 492 1901 595 1963; x_wconf 69' lang='lat' dir='ltr'><strong>vel,</strong></span> <span class='ocrx_word' id='word_1_153' title='bbox 637 1912 772 1945; x_wconf 87' lang='lat' dir='ltr'><strong>erasa</strong></span> <span class='ocrx_word' id='word_1_154' title='bbox 810 1903 964 1959; x_wconf 90' lang='lat' dir='ltr'><strong>priore</strong></span> <span class='ocrx_word' id='word_1_155' title='bbox 995 1903 1241 1958; x_wconf 72' lang='lat' dir='ltr'><strong>scriptura,</strong></span> <span class='ocrx_word' id='word_1_156' title='bbox 1273 1904 1320 1947; x_wconf 94' lang='lat' dir='ltr'><strong>in</strong></span> <span class='ocrx_word' id='word_1_157' title='bbox 1356 1904 1470 1961; x_wconf 89' lang='lat' dir='ltr'><strong>ipsis</strong></span> <span class='ocrx_word' id='word_1_158' title='bbox 1500 1903 1637 1947; x_wconf 90' lang='lat' dir='ltr'><strong>lineis</strong></span> <span class='ocrx_word' id='word_1_159' title='bbox 1676 1904 1747 1947; x_wconf 85' lang='lat' dir='ltr'><strong>at·</strong></span> 
     </span>
     <span class='ocr_line' id='line_1_22' title="bbox 351 1979 1746 2039; baseline 0.001 -16"><span class='ocrx_word' id='word_1_160' title='bbox 351 1992 439 2036; x_wconf 88' lang='lat' dir='ltr'><strong>que</strong></span> <span class='ocrx_word' id='word_1_161' title='bbox 472 1979 697 2023; x_wconf 85' lang='lat' dir='ltr'><strong>interdum</strong></span> <span class='ocrx_word' id='word_1_162' title='bbox 722 1982 803 2035; x_wconf 83' lang='lat' dir='ltr'><strong>ita,</strong></span> <span class='ocrx_word' id='word_1_163' title='bbox 831 1984 882 2023; x_wconf 89' lang='lat' dir='ltr'><strong>ut</strong></span> <span class='ocrx_word' id='word_1_164' title='bbox 910 1981 1020 2038; x_wconf 79' lang='lat' dir='ltr'><strong>quId</strong></span> <span class='ocrx_word' id='word_1_165' title='bbox 1053 1984 1301 2039; x_wconf 84' lang='lat' dir='ltr'><strong>antiquitus</strong></span> <span class='ocrx_word' id='word_1_166' title='bbox 1337 1984 1556 2038; x_wconf 89' lang='lat' dir='ltr'><strong>scriptum</strong></span> <span class='ocrx_word' id='word_1_167' title='bbox 1592 1982 1746 2035; x_wconf 82' lang='lat' dir='ltr'><strong>suerit,</strong></span> 
     </span>
     <span class='ocr_line' id='line_1_23' title="bbox 351 2059 1748 2117; baseline 0.001 -14"><span class='ocrx_word' id='word_1_168' title='bbox 351 2074 442 2103; x_wconf 89' lang='lat' dir='ltr'><strong>non</strong></span> <span class='ocrx_word' id='word_1_169' title='bbox 470 2060 666 2116; x_wconf 85' lang='lat' dir='ltr'><strong>amplius</strong></span> <span class='ocrx_word' id='word_1_170' title='bbox 698 2059 901 2103; x_wconf 89' lang='lat' dir='ltr'><strong>discerni</strong></span> <span class='ocrx_word' id='word_1_171' title='bbox 931 2064 1090 2117; x_wconf 80' lang='lat' dir='ltr'><strong>possit.</strong></span> <span class='ocrx_word' id='word_1_172' title='bbox 1158 2061 1373 2115; x_wconf 74' lang='lat' dir='ltr'><strong>Quaedam</strong></span> <span class='ocrx_word' id='word_1_173' title='bbox 1401 2065 1552 2106; x_wconf 82' lang='lat' dir='ltr'><strong>tamen</strong></span> <span class='ocrx_word' id='word_1_174' title='bbox 1581 2073 1644 2105; x_wconf 87' lang='lat' dir='ltr'><strong>ex</strong></span> <span class='ocrx_word' id='word_1_175' title='bbox 1671 2061 1748 2105; x_wconf 84' lang='lat' dir='ltr'><strong>his</strong></span> 
     </span>
     <span class='ocr_line' id='line_1_24' title="bbox 355 2137 1743 2199; baseline 0 -17"><span class='ocrx_word' id='word_1_176' title='bbox 355 2137 719 2182; x_wconf 81' lang='lat' dir='ltr'><strong>correctionibus</strong></span> <span class='ocrx_word' id='word_1_177' title='bbox 750 2140 840 2181; x_wconf 89' lang='lat' dir='ltr'><strong>tam</strong></span> <span class='ocrx_word' id='word_1_178' title='bbox 864 2143 1077 2185; x_wconf 86' lang='lat' dir='ltr'><strong>recentes</strong></span> <span class='ocrx_word' id='word_1_179' title='bbox 1105 2143 1234 2196; x_wconf 84' lang='lat' dir='ltr'><strong>sunt,</strong></span> <span class='ocrx_word' id='word_1_180' title='bbox 1264 2143 1314 2184; x_wconf 94' lang='lat' dir='ltr'><strong>ut</strong></span> <span class='ocrx_word' id='word_1_181' title='bbox 1342 2143 1447 2199; x_wconf 89' lang='lat' dir='ltr'><strong>post</strong></span> <span class='ocrx_word' id='word_1_182' title='bbox 1482 2139 1622 2183; x_wconf 86' lang='lat' dir='ltr'><strong>XVII</strong></span> <span class='ocrx_word' id='word_1_183' title='bbox 1661 2138 1743 2182; x_wconf 87' lang='lat' dir='ltr'><strong>de-</strong></span> 
     </span>
     <span class='ocr_line' id='line_1_25' title="bbox 350 2217 1744 2277; baseline 0 -17"><span class='ocrx_word' id='word_1_184' title='bbox 350 2231 468 2260; x_wconf 89' lang='lat' dir='ltr'><strong>mum</strong></span> <span class='ocrx_word' id='word_1_185' title='bbox 495 2217 699 2260; x_wconf 89' lang='lat' dir='ltr'><strong>seculum</strong></span> <span class='ocrx_word' id='word_1_186' title='bbox 730 2229 809 2261; x_wconf 82' lang='lat' dir='ltr'><strong>eas</strong></span> <span class='ocrx_word' id='word_1_187' title='bbox 836 2218 1048 2264; x_wconf 84' lang='lat' dir='ltr'><strong>inductas</strong></span> <span class='ocrx_word' id='word_1_188' title='bbox 1078 2233 1182 2264; x_wconf 84' lang='lat' dir='ltr'><strong>esse</strong></span> <span class='ocrx_word' id='word_1_189' title='bbox 1221 2222 1377 2277; x_wconf 86' lang='lat' dir='ltr'><strong>pateat</strong></span> <span class='ocrx_word' id='word_1_190' title='bbox 1413 2230 1474 2262; x_wconf 86' lang='lat' dir='ltr'><strong>ex</strong></span> <span class='ocrx_word' id='word_1_191' title='bbox 1506 2228 1744 2275; x_wconf 77' lang='lat' dir='ltr'><strong>compara-</strong></span> 
     </span>
     <span class='ocr_line' id='line_1_26' title="bbox 354 2296 1745 2354; baseline 0 -15"><span class='ocrx_word' id='word_1_192' title='bbox 354 2297 477 2340; x_wconf 90' lang='lat' dir='ltr'><strong>tione</strong></span> <span class='ocrx_word' id='word_1_193' title='bbox 504 2296 767 2342; x_wconf 86' lang='lat' dir='ltr'><strong>collationis</strong></span> <span class='ocrx_word' id='word_1_194' title='bbox 798 2296 1060 2354; x_wconf 82' lang='lat' dir='ltr'><strong>Vossianae3</strong></span> <span class='ocrx_word' id='word_1_195' title='bbox 1089 2300 1154 2343; x_wconf 83' lang='lat' dir='ltr'><strong>ita</strong></span> <span class='ocrx_word' id='word_1_196' title='bbox 1181 2298 1376 2342; x_wconf 86' lang='lat' dir='ltr'><strong>Vossius</strong></span> <span class='ocrx_word' id='word_1_197' title='bbox 1400 2297 1438 2342; x_wconf 88' lang='grc' dir='ltr'><strong>Ι.</strong></span> <span class='ocrx_word' id='word_1_198' title='bbox 1455 2296 1539 2341; x_wconf 80' lang='grc'><strong>158</strong></span> <span class='ocrx_word' id='word_1_199' title='bbox 1565 2296 1745 2342; x_wconf 83' lang='lat' dir='ltr'><strong>invenit</strong></span> 
     </span>
     <span class='ocr_line' id='line_1_27' title="bbox 354 2376 1744 2432; baseline 0.001 -14"><span class='ocrx_word' id='word_1_200' title='bbox 354 2376 787 2431; x_wconf 80' lang='lat' dir='ltr'><strong>perspiciamus</strong></span> <span class='ocrx_word' id='word_1_201' title='bbox 817 2379 862 2419; x_wconf 89' lang='lat' dir='ltr'><strong>et</strong></span> <span class='ocrx_word' id='word_1_202' title='bbox 892 2378 967 2419; x_wconf 66' lang='lat'><strong>171</strong></span> <span class='ocrx_word' id='word_1_203' title='bbox 1004 2381 1353 2432; x_wconf 84' lang='lat' dir='ltr'><strong>nascuntur,</strong></span> <span class='ocrx_word' id='word_1_204' title='bbox 1397 2376 1637 2431; x_wconf 65' lang='lat' dir='ltr'><strong>ubilnunc</strong></span> <span class='ocrx_word' id='word_1_205' title='bbox 1660 2379 1744 2421; x_wconf 69' lang='lat' dir='ltr'><strong>&#39;est</strong></span> 
     </span>
     <span class='ocr_line' id='line_1_28' title="bbox 352 2455 1742 2515; baseline 0.001 -19"><span class='ocrx_word' id='word_1_206' title='bbox 352 2455 786 2511; x_wconf 84' lang='lat' dir='ltr'><strong>perspiciemus</strong></span> <span class='ocrx_word' id='word_1_207' title='bbox 837 2459 882 2498; x_wconf 91' lang='lat' dir='ltr'><strong>et</strong></span> <span class='ocrx_word' id='word_1_208' title='bbox 930 2458 1197 2501; x_wconf 85' lang='lat' dir='ltr'><strong>nascitur</strong></span> <span class='ocrx_word' id='word_1_209' title='bbox 1241 2469 1340 2502; x_wconf 92' lang='lat' dir='ltr'><strong>cum</strong></span> <span class='ocrx_word' id='word_1_210' title='bbox 1382 2457 1556 2515; x_wconf 84' lang='lat' dir='ltr'><strong>apertis</strong></span> <span class='ocrx_word' id='word_1_211' title='bbox 1592 2455 1742 2500; x_wconf 82' lang='lat' dir='ltr'><strong>lituroe</strong></span> 
     </span>
     <span class='ocr_line' id='line_1_29' title="bbox 354 2534 583 2591; baseline -0.004 -14"><span class='ocrx_word' id='word_1_212' title='bbox 354 2534 583 2591; x_wconf 80' lang='lat' dir='ltr'><strong>vestigiis.</strong></span> 
     </span>
    </p>

    <p class='ocr_par' dir='ltr' id='par_1_3' title="bbox 351 2610 1741 2749">
     <span class='ocr_line' id='line_1_30' title="bbox 436 2610 1740 2671; baseline 0.003 -18"><span class='ocrx_word' id='word_1_213' title='bbox 436 2610 505 2655; x_wconf 91' lang='lat' dir='ltr'><strong>De</strong></span> <span class='ocrx_word' id='word_1_214' title='bbox 536 2614 669 2657; x_wconf 83' lang='lat' dir='ltr'><strong>aetate</strong></span> <span class='ocrx_word' id='word_1_215' title='bbox 698 2611 874 2657; x_wconf 89' lang='lat' dir='ltr'><strong>codicis</strong></span> <span class='ocrx_word' id='word_1_216' title='bbox 904 2615 943 2656; x_wconf 87' lang='lat' dir='ltr'><strong>si</strong></span> <span class='ocrx_word' id='word_1_217' title='bbox 986 2613 1139 2657; x_wconf 86' lang='lat' dir='ltr'><strong>Vossii</strong></span> <span class='ocrx_word' id='word_1_218' title='bbox 1180 2616 1451 2659; x_wconf 79' lang='lat' dir='ltr'><strong>sententiam</strong></span> <span class='ocrx_word' id='word_1_219' title='bbox 1497 2614 1740 2671; x_wconf 84' lang='lat' dir='ltr'><strong>sequimur,</strong></span> 
     </span>
     <span class='ocr_line' id='line_1_31' title="bbox 351 2692 1741 2749; baseline 0.002 -16"><span class='ocrx_word' id='word_1_220' title='bbox 351 2703 451 2734; x_wconf 92' lang='lat' dir='ltr'><strong>eum</strong></span> <span class='ocrx_word' id='word_1_221' title='bbox 479 2692 756 2737; x_wconf 57' lang='lat' dir='ltr'><strong>veneranda}</strong></span> <span class='ocrx_word' id='word_1_222' title='bbox 783 2694 1069 2749; x_wconf 80' lang='lat' dir='ltr'><strong>antiquitatis</strong></span> <span class='ocrx_word' id='word_1_223' title='bbox 1106 2708 1209 2739; x_wconf 86' lang='lat' dir='ltr'><strong>esse</strong></span> <span class='ocrx_word' id='word_1_224' title='bbox 1241 2695 1470 2738; x_wconf 88' lang='lat' dir='ltr'><strong>fatendum</strong></span> <span class='ocrx_word' id='word_1_225' title='bbox 1500 2697 1593 2748; x_wconf 81' lang='lat' dir='ltr'><strong>est3</strong></span> <span class='ocrx_word' id='word_1_226' title='bbox 1639 2706 1741 2737; x_wconf 82' lang='lat' dir='ltr'><strong>nam</strong></span> 
     </span>
    </p>
   </div>
   <div class='ocr_carea' id='block_1_3' title="bbox 771 2893 794 2914">
    <p class='ocr_par' dir='ltr' id='par_1_4' title="bbox 771 2893 794 2914">
     <span class='ocr_line' id='line_1_32' title="bbox 771 2893 794 2914; baseline 0 0"><span class='ocrx_word' id='word_1_227' title='bbox 771 2893 794 2914; x_wconf 62' lang='lat'>⁸</span> 
     </span>
    </p>
   </div>
  </div>
 </body>
</html>
