2068 3223
1569 268 1634 319 15

252 411 475 469 tionibus,
509 411 592 457 sed
621 414 697 457 aut
727 412 970 466 omittitur,
1002 412 1049 455 ut
1078 409 1370 471 in3Gottorp.
1407 414 1459 455 et.
1482 411 1630 467 nodi„

248 495 325 536 aut
355 495 516 548 aperta
544 493 814 548 repetitione
839 491 1142 549 praecedentis
1171 504 1335 537 versus
1364 493 1430 536 ita
1458 491 1624 536 scribi·

251 573 347 613 turt
374 568 449 612 Et
472 581 609 625 quos
633 580 867 625 quaeque
887 570 1091 627 sagaci
1122 572 1311 613 mente
1340 567 1630 622 locarunt,

250 651 298 690 ut
333 649 381 690 in
420 646 464 690 Ζ
492 651 539 691 et
568 647 644 702 Y,
682 650 731 691 in
759 647 846 693 hoc
886 648 1047 691 saltem
1085 660 1186 692 cum
1226 649 1443 705 vestigiis
1483 648 1631 692 lituroe

250 729 297 771 et
322 715 537 772 secundm
565 738 747 782 manus,
790 730 925 786 atque
955 725 1112 772 eodem
1150 726 1283 772 modo
1313 729 1360 772 in
1397 728 1631 786 superiore

249 806 584 867 Gottorpiensis
611 809 819 867 margine
848 810 1081 853 recentior
1106 820 1267 852 manus
1292 798 1395 852 euni
1422 807 1630 865 adscrip-

246 884 325 931 sit.
378 886 472 932 Hic
497 899 679 944 versus,
708 900 839 945 quem
867 899 925 932 ne
955 885 1208 932 deteriores
1237 885 1416 944 quidem
1446 886 1631 932 codices

248 976 405 1009 omncs
430 969 478 1009 et
510 967 668 1025 primae
703 965 809 1010 edd.
843 963 1136 1024 agnoscunt,
1172 966 1409 1024 suppletus
1450 965 1632 1012 videtur

247 1055 307 1088 ex
333 1042 393 1088 V.
428 1035 517 1088 wo
551 1058 674 1104 sqq.,
716 1045 794 1090 ubi
835 1044 973 1089 iidem
1001 1057 1193 1099 versus,
1230 1045 1306 1101 qui
1334 1043 1411 1090 hic
1440 1046 1632 1089 low-24

245 1122 473 1181 leguntur,
503 1121 748 1183 paullulum
776 1125 946 1171 variati
974 1126 1224 1169 recurrunt.
1241 1147 1295 1155 —
1316 1123 1517 1168 Tertium
1545 1136 1629 1182 ge-

244 1215 330 1246 nus
360 1206 432 1247 est
459 1216 628 1259 eorum,
662 1205 738 1261 qui
767 1205 814 1249 in
855 1204 935 1248 iilo
966 1204 1187 1249 communi
1227 1203 1413 1259 codice,
1453 1216 1514 1248 ex
1542 1217 1629 1261 quo

243 1283 388 1325 nostri
413 1281 634 1339 descripti
661 1287 780 1341 sunt,
811 1284 1049 1328 exstitisse
1077 1282 1317 1338 videntur,
1347 1282 1432 1346 sed
1459 1284 1626 1341 partim

242 1363 429 1418 propter
456 1359 687 1405 difficilem
729 1365 806 1405 aut
841 1361 1085 1407 evanidam
1125 1363 1224 1405 eius
1261 1362 1531 1418 scripturam
1550 1363 1626 1405 ‘sab

244 1439 600 1497 imperitioribus
623 1441 827 1485 librariis
855 1441 951 1502 legi
978 1455 1070 1485 non
1097 1439 1336 1498 potuerunt
1357 1439 1549 1497 ideoque
1569 1441 1627 1485 ab

243 1517 316 1561 his
344 1517 481 1574 plane
509 1519 668 1562 omissi
697 1523 815 1576 sunt,
839 1533 869 1563 a
897 1520 1203 1576 peritioribus
1227 1523 1375 1562 autem
1404 1519 1625 1577 explicati

243 1600 289 1640 et
312 1596 389 1641 hic
418 1596 515 1641 illic
544 1597 739 1643 fortasse
768 1599 1045 1643 coniecturis
1086 1598 1284 1654 expleti,
1331 1599 1496 1655 partim
1532 1598 1624 1641 for-

242 1679 367 1720 tasse
406 1675 551 1734 ipsius
586 1676 764 1722 librarii
813 1677 949 1736 culpa
986 1678 1037 1722 in
1081 1675 1395 1735 Gottorpiensi
1432 1679 1623 1733 praeter-

241 1739 371 1799 missi
393 1757 514 1799 sunt.
573 1754 646 1798 lta
672 1755 932 1801 1.·’135-785
966 1758 1105 1800 etiam
1135 1757 1184 1800 in
1212 1755 1258 1800 Z
1288 1755 1622 1810 desiderantur,

240 1829 325 1880 sed
352 1835 647 1881 inveniuntur
675 1836 724 1880 in
751 1835 801 1883 Y
828 1838 875 1881 et
900 1834 1050 1892 Bodl.,
1078 1847 1225 1893 neque
1255 1835 1348 1880 alia
1372 1835 1489 1878 ratio
1520 1845 1622 1878 esse

239 1914 425 1959 videtur
461 1927 559 1960 πε.
585 1916 687 1970 889,
714 1917 788 1971 90,
817 1910 1081 1972 quamquam
1110 1915 1168 1958 de
1204 1915 1248 1957 Ζ
1279 1918 1401 1959 tacet
1434 1915 1620 1959 naver-

240 1994 467 2051 campius,
496 1995 572 2050 qui
602 1995 719 2038 male
748 1996 950 2040 vss.890
967 1998 1013 2038 et
1033 1995 1119 2039 891
1155 1995 1202 2037 in
1230 1992 1437 2049 Gottorp.
1455 1990 1621 2035 deesse

240 2071 367 2117 dicit.
424 2069 558 2125 Quod
594 2075 746 2115 autem
780 2073 838 2118 de
880 2074 1080 2119 evanida
1117 2072 1358 2129 archetypi
1394 2072 1623 2129 scriptura

241 2150 456 2205 diximus,
485 2151 682 2195 maxime
710 2155 901 2213 apparet
927 2165 987 2196 ex
1025 2153 1191 2197 lacuna
1219 2151 1492 2206 univ-1074,
1525 2162 1627 2208 quoe·

239 2233 312 2275 est
350 2231 487 2275 etiam
529 2231 576 2274 in
621 2229 666 2274 Ζ
704 2234 749 2275 et
786 2230 958 2281 duobus
1010 2229 1349 2285 Lambinianis,
1402 2240 1620 2286 quamque

238 2308 576 2366 Gottorpiensis
603 2310 780 2354 codicis
807 2310 1021 2353 librarius
1041 2309 1266 2354 indicavit
1284 2321 1468 2352 munero
1488 2308 1620 2351 VIII.

238 2388 287 2431 in
312 2387 519 2446 margine
547 2389 720 2445 posit03
754 2390 802 2432 in
828 2387 878 2433 Y
909 2391 1057 2432 autem
1090 2390 1136 2431 et
1165 2387 1296 2432 Bodl.
1332 2386 1417 2432 hos
1454 2398 1624 2432 versus

236 2466 436 2510 inveniri
480 2469 651 2509 certum
698 2470 791 2518 est,
845 2478 990 2522 neque
1028 2470 1181 2510 tamen
1231 2466 1280 2509 id
1324 2468 1622 2523 perspicitur,

234 2547 382 2591 utrum
408 2546 581 2605 integri
609 2547 792 2592 exstent
817 2556 878 2589 an
917 2546 1134 2591 extremae
1170 2543 1329 2590 horum
1367 2546 1469 2589 octo
1507 2555 1617 2591 ver-

234 2636 365 2668 suum
392 2636 534 2671 voces
560 2625 725 2679 desint,
744 2635 842 2680 quae
869 2634 982 2667 sane
1012 2624 1176 2668 desunt
1204 2626 1252 2667 in
1284 2625 1623 2668 recentioribus

237 2704 475 2750 codicibus
502 2708 549 2749 et
576 2706 733 2762 primis
761 2704 1060 2759 editionibus,
1095 2705 1187 2748 nisi
1221 2702 1339 2761 quod
1378 2705 1427 2748 in
1455 2706 1615 2763 paucis
