2054 3236
360 287 421 335 14

442 432 682 486 Plerisque
725 429 798 473 his
838 430 955 474 loeis
990 435 1160 475 rectum
1205 430 1323 475 baud
1363 431 1499 478 dubie
1539 432 1744 478 ordinem

357 513 652 555 restituerunt
675 508 904 553 doctiores
933 510 1109 553 librarii
1151 514 1197 553 et
1226 510 1448 564 editores,
1486 524 1644 557 verum
1673 518 1743 555 ta-

356 603 459 634 men
498 588 742 632 maximam
778 585 951 647 partem
993 590 1257 633 coniectura
1292 589 1431 634 ducti.
1505 588 1745 633 Audacius

357 673 506 713 autem
536 668 676 711 iidem
702 668 759 712 de
791 682 873 712 suo
904 671 1022 712 totos
1057 681 1222 713 versus
1261 668 1561 723 addiderunt,
1604 671 1743 712 inter-

358 750 461 793 dum
491 748 548 792 ad
580 745 841 791 lacunosam
874 748 1147 792 sententiam
1177 748 1474 807 explendam,
1512 762 1602 793 non
1639 760 1744 792 raro

357 833 505 871 tamen
534 827 673 869 etiam
705 827 795 881 ibi,
837 827 911 870 ubi
940 826 1057 869 nihil
1097 810 1398 870 desideratur.
1478 828 1523 870 A
1560 826 1743 870 Gottor-

354 908 504 965 piensi
534 906 652 949 libro
685 906 813 949 multi
840 906 1006 950 absunt
1034 919 1224 962 versus,
1263 908 1338 964 qui
1381 907 1429 949 in
1468 905 1745 951 editionibus

355 987 642 1043 comparent3
671 995 727 1028 ac
747 986 939 1042 primum
960 997 1108 1043 genus
1136 988 1206 1029 est
1236 998 1404 1040 eorum,
1435 986 1509 1042 qui
1532 983 1590 1028 ex
1619 995 1743 1028 mera

358 1065 709 1120 interpolatione
760 1066 847 1108 orti
884 1068 1002 1109 sunt.
1084 1064 1161 1109 Ex
1192 1064 1264 1108 his
1292 1066 1371 1108 lib.
1400 1066 1436 1108 Ι.
1463 1065 1519 1107 16
1542 1066 1590 1107 in
1621 1064 1745 1107 nullo

356 1148 428 1187 est
468 1144 628 1188 codiee
668 1157 814 1201 neque
853 1147 901 1188 in
940 1146 1111 1202 antiqq.
1155 1143 1258 1188 edd.
1291 1147 1396 1187 ante
1439 1145 1660 1200 luntinam
1699 1147 1746 1186 et

355 1225 567 1266 tribuitur
598 1222 813 1266 Marullo.
876 1223 957 1267 Vs.
986 1225 1069 1266 861
1103 1226 1150 1266 in
1188 1237 1275 1266 uno
1312 1226 1481 1265 tantum
1521 1224 1744 1266 recentis-

354 1305 467 1345 simo
498 1302 658 1345 codice
681 1300 838 1345 Musei
868 1303 1126 1347 Britannici
1157 1304 1325 1356 exstat,
1352 1301 1435 1344 sed
1466 1314 1522 1343 ne
1552 1302 1599 1343 in
1623 1302 1744 1343 anti-

355 1381 587 1437 quissimis
626 1380 807 1436 quidem
841 1380 945 1423 edd.
996 1381 1101 1430 (cfr.
1131 1380 1346 1440 Madvig.
1381 1382 1412 1425 l.
1454 1393 1493 1424 e.
1538 1395 1582 1438 p.
1619 1380 1743 1434 310).

355 1460 437 1502 Vs.
468 1460 576 1502 1091
610 1459 740 1501 abest
768 1460 905 1502 etiam
939 1472 967 1501 a
998 1459 1073 1514 Z„
1108 1460 1241 1504 Bodl.
1279 1461 1361 1512 (de
1400 1460 1449 1504 Y
1475 1460 1589 1502 nihil
1614 1464 1745 1503 nota-

353 1539 450 1590 tur)
481 1539 527 1580 et
556 1533 710 1579 multis
734 1538 1067 1581 recentioribus
1097 1537 1489 1595 codd.primisque
1519 1538 1633 1592 edd3
1660 1538 1742 1581 ad-

352 1617 594 1659 ulterinum
623 1627 721 1657 eum
754 1616 843 1658 iam
874 1615 1134 1659 iudicarunt
1164 1616 1402 1659 Bentleius
1442 1620 1488 1661 et
1523 1616 1743 1675 Forbige-

351 1709 458 1751 rus3
489 1707 635 1751 neque
665 1696 809 1737 maior
836 1698 907 1738 est
936 1696 1186 1739 auctoritas
1224 1696 1527 1753 supplementi
1567 1695 1743 1739 laeunoe

352 1776 479 1828 1094,
511 1775 586 1829 qui
613 1787 777 1817 versus
802 1787 948 1829 neque
976 1777 1046 1816 est
1087 1776 1134 1816 in
1174 1773 1217 1816 Z
1267 1774 1346 1823 (de
1386 1776 1576 1829 reliquis
1611 1775 1744 1817 bonis

351 1856 529 1904 tacent)
561 1865 706 1909 neque
735 1854 783 1895 in
806 1853 958 1897 multis
988 1857 1182 1897 recentt.
1215 1853 1347 1898 codd.
1376 1857 1422 1897 et
1450 1855 1609 1912 prImis
1639 1852 1743 1897 edd.

351 1931 480 1974 Libri
510 1934 659 1974 autem
687 1932 734 1974 11
763 1945 833 1977 vs.
862 1933 921 1974 42
949 1932 1215 1975 aliambino
1243 1931 1419 1974 demum
1449 1944 1474 1975 e
1491 1932 1641 1975 Nonio
1671 1933 1743 1974 in-

350 2015 505 2053 trusus
551 2012 623 2052 est
666 2011 938 2059 (omiserunt
975 2010 1117 2053 Orell.
1168 2013 1213 2053 et
1266 2009 1430 2055 Madv.
1470 2012 1518 2054 in
1565 2011 1743 2069 eelogis

352 2090 492 2146 poett.
521 2086 664 2140 Lam,
697 2090 743 2130 et
772 2100 897 2132 vers.
927 2087 1008 2130 164
1037 2088 1085 2130 in
1114 2088 1236 2132 nullo
1267 2091 1336 2133 est
1377 2088 1537 2133 codice
1565 2089 1655 2132 nisi
1693 2090 1742 2131 in

353 2169 564 2224 quattuor
600 2165 902 2224 apographis,
951 2168 1111 2222 quibus
1148 2182 1256 2211 usus
1298 2171 1369 2211 est
1409 2166 1744 2211 Wakefieldius

350 2246 461 2300 (cfr.
494 2245 661 2291 Madv.
691 2246 722 2289 1.
756 2258 795 2290 c.
824 2261 868 2304 p.
898 2247 982 2290 317
1012 2252 1120 2301 sq.).
1162 2272 1217 2279 ——
1261 2246 1469 2291 Alterum
1499 2258 1647 2303 genus
1673 2249 1743 2290 est

350 2337 502 2368 eorum
532 2337 762 2377 versuum,
796 2326 872 2378 qui
902 2337 1169 2379 quamquam
1206 2329 1312 2368 sunt
1339 2325 1631 2379 Lucretiam,
1671 2328 1741 2368 ta-

350 2415 455 2446 men
485 2403 542 2446 ab
564 2402 819 2459 aoehetypo
848 2401 1052 2446 abfuisse
1077 2405 1123 2446 et
1152 2403 1337 2449 aliunde
1358 2405 1404 2447 in
1430 2404 1593 2458 Iocum,
1611 2415 1742 2460 quem

349 2492 470 2524 nune
504 2481 734 2533 obtinent,
779 2482 967 2525 venisse
996 2481 1226 2525 videntur.
1287 2480 1369 2526 Sic
1398 2482 1436 2525 Ι.
1466 2483 1574 2535 124,
1613 2488 1744 2536 quem

352 2562 560 2604 omittunt
590 2562 727 2604 etiam
757 2559 801 2603 Z
828 2563 874 2605 et
902 2559 989 2604 duo
1015 2560 1308 2605 Lambiniani
1325 2595 1338 2616 ‚
1367 2560 1489 2605 haud
1518 2560 1655 2604 dubie
1686 2561 1742 2603 il-

348 2637 469 2681 latus
499 2641 569 2682 est
598 2651 623 2683 e
653 2637 886 2684 Macrobii
921 2638 1108 2684 Saturn.
1126 2639 1204 2684 vl.
1233 2640 1271 2684 1.
1301 2643 1369 2698 (p.
1401 2640 1486 2683 159
1512 2638 1666 2695 Bip.);
1696 2641 1743 2681 et

350 2729 422 2761 vs·
451 2718 563 2760 1022
591 2719 639 2760 in
666 2719 790 2762 nuilo
821 2719 937 2762 bono
967 2718 1127 2763 codice
1159 2721 1224 2762 ita
1253 2719 1445 2775 legitur,
1475 2719 1524 2759 ut
1560 2718 1611 2759 inv
1639 2717 1738 2760 edi-
