2087 3248
247 979 362 1050 Ex
387 1007 585 1061 antiquis
614 1006 912 1060 scriptoribus
946 1005 1066 1047 haud
1111 1005 1246 1046 facile
1275 1005 1507 1059 quisquam
1544 1007 1629 1056 cst,

249 1086 296 1128 in
326 1084 454 1128 cuius
484 1083 702 1139 reliquias
728 1085 877 1142 magis
919 1086 1131 1143 grassata
1158 1083 1219 1126 sit
1248 1081 1478 1125 doctorum
1505 1082 1632 1126 viro-

249 1176 345 1205 rum
373 1163 452 1206 vel
482 1162 601 1203 mala
629 1160 852 1205 sedulitas
890 1164 969 1207 vel
1009 1162 1229 1205 effrenata
1252 1150 1476 1213 licentia,¹
1500 1172 1631 1215 quam

251 1242 298 1283 in
320 1239 525 1284 Lucretii
552 1240 709 1295 libros,
742 1241 816 1296 qui
846 1244 951 1284 sunt
981 1240 1037 1284 de
1064 1253 1212 1284 rerum
1231 1242 1406 1282 natura.
1464 1238 1630 1281 Verum

251 1319 398 1375 qualis
435 1319 495 1362 sit
536 1318 660 1361 illius
709 1319 923 1361 carminis
964 1319 1127 1362 critica
1165 1317 1399 1370 condicio,
1451 1316 1556 1373 quid
1587 1320 1634 1359 et

251 1397 357 1440 olim
383 1401 428 1441 et
456 1409 600 1453 nuper
628 1398 675 1438 in
699 1409 751 1438 eo
782 1396 1019 1440 tractando
1048 1399 1283 1456 peccatum
1307 1398 1382 1448 sit,
1413 1409 1502 1438 non
1523 1408 1635 1450 opus

251 1478 321 1518 est
349 1475 533 1517 uberius
565 1474 800 1531 explicare
839 1477 941 1532 post
982 1459 1370 1519 accuratissimam
1397 1472 1636 1530 Madvigii

254 1553 603 1610 disputationem
663 1551 730 1595 de
782 1553 1008 1608 aliquot
1074 1553 1307 1597 lacunis
1372 1552 1634 1596 codicum

251 1630 520 1674 Lucretii
562 1628 753 1686 (Opusc.
792 1629 941 1675 Acad.
984 1629 1087 1673 Vol.
1125 1630 1149 1672 Ι
1189 1644 1234 1688 p.
1270 1630 1354 1672 305
1386 1631 1539 1686 sqq.)‚
1588 1630 1636 1672 in

253 1721 340 1766 qua
370 1708 676 1766 disputatione
707 1708 955 1762 indicavit,
998 1722 1128 1765 quam
1158 1710 1377 1764 rationem
1409 1710 1524 1751 inire
1555 1708 1636 1753 de-

251 1787 437 1841 berent,
487 1788 560 1845 qui
602 1789 648 1830 in
686 1787 899 1832 Lucretio
938 1787 1220 1831 emendando
1260 1800 1411 1845 operae
1446 1788 1636 1845 pretium

253 1866 405 1910 facere
428 1864 643 1918 vellent,
696 1869 742 1908 et
779 1867 878 1922 ipse
921 1867 1145 1921 exemplis
1191 1866 1363 1922 aliquot
1393 1868 1638 1924 propositis

254 1943 362 2001 quid
402 1940 517 1987 sana
554 1944 717 1988 critica
757 1945 934 1988 ratione
978 1946 1024 1987 et
1063 1945 1316 2003 sagacItate
1347 1944 1640 2003 proficeretur

253 2024 482 2080 probavit.
568 2021 665 2085 Seu
717 2036 850 2078 quum
896 2034 1025 2064 omne
1062 2023 1335 2065 emendandi
1371 2023 1566 2065 studium
1612 2034 1641 2064 a

254 2090 460 2160 codicum
510 2101 773 2158 cognitione
828 2100 1057 2158 proficisci
1111 2100 1299 2156 debeat,
1348 2104 1396 2144 ut
1447 2104 1640 2154 constet,

255 2179 363 2236 quid
391 2178 595 2237 proesidii
635 2192 660 2222 e
697 2180 827 2222 libris
855 2192 989 2222 manu
1018 2181 1205 2236 scriptis
1228 2182 1323 2236 peti
1342 2182 1503 2238 possit,
1534 2179 1641 2236 quid

256 2259 441 2316 ingenio
492 2261 538 2301 et
586 2258 874 2324 coniectandi
921 2258 1137 2302 sollertiae
1182 2258 1524 2314 relinquendum
1564 2259 1641 2312 sit,

256 2349 386 2380 nemo
415 2338 622 2394 ignorat,
676 2349 806 2393 quam
845 2337 1031 2380 difficile
1065 2348 1185 2379 nunc
1213 2338 1275 2379 sit
1309 2336 1366 2378 de
1406 2335 1643 2379 codicibus

256 2417 321 2460 ita
349 2413 570 2468 iudicare,
610 2417 660 2457 ut
691 2415 798 2471 quid
838 2415 1002 2470 ubique
1027 2415 1075 2456 in
1106 2415 1287 2472 optimis
1315 2414 1519 2473 legatur,
1557 2426 1643 2457 cx·

257 2494 479 2551 ploratum
518 2492 592 2534 sit.
674 2491 842 2534 Omnes
885 2493 1088 2535 Lucretii
1127 2493 1312 2536 codices
1353 2494 1484 2537 nobis
1514 2496 1646 2535 notos

259 2580 322 2612 ex
368 2582 457 2612 uno
504 2569 655 2626 aliquo
705 2570 822 2613 libro
869 2569 928 2612 ad
973 2569 1214 2628 legendum
1255 2570 1432 2615 difficili
1472 2574 1518 2615 et
1556 2572 1646 2613 iam

260 2651 471 2706 corrupto
511 2647 743 2694 derivatos
785 2661 913 2702 esse,
961 2650 1132 2693 monuit
1171 2648 1370 2694 Orellius
1399 2654 1470 2702 (in
1497 2650 1648 2695 Iahnii

259 2726 520 2771 Annalibus
551 2727 716 2771 Philol.
737 2726 820 2770 ΙΙΙ.
848 2729 877 2769 4
896 2741 939 2784 p.
964 2727 1027 2769 8⁶
1049 2731 1162 2779 not.)
1191 2732 1237 2772 et
1265 2733 1367 2785 post
1396 2743 1495 2774 eum
1511 2728 1647 2773 Mad-

1336 2815 1383 2849 1*
