2068 3211
1585 239 1653 288 11.

268 382 309 423 is
336 392 435 424 eum
462 380 550 424 800
577 383 654 423 aut
691 381 778 425 000
812 392 1029 426 annorum
1073 393 1177 426 esse
1216 380 1465 435 iudicavit,
1516 380 1649 437 idque

267 458 481 507 iudicium
508 461 609 502 sine
637 460 732 504 ullu
760 462 1002 514 varietate,
1034 461 1151 517 quod
1179 463 1336 504 mirum
1357 464 1465 514 est,
1495 459 1651 504 diver-

266 539 333 583 sis
360 538 636 594 temporibus
669 536 948 596 repetierunt
980 539 1344 596 Havercampius
1360 572 1372 593 .,
1399 537 1650 584 Wakefiel-

269 617 386 671 dius,
395 616 686 674 Forbigerus.
747 615 846 662 Hos
867 619 1009 676 igitur
1035 620 1076 662 si
1107 616 1327 672 audimus,
1360 618 1508 662 codex
1532 632 1651 662 nono

270 699 348 740 aut
375 695 551 746 decimo
579 696 734 740 seculo
764 698 962 755 scriptus
992 699 1077 741 est.
1136 697 1296 754 Neque
1328 699 1478 741 tamen
1512 700 1651 741 tutum

270 776 358 819 erIt
382 774 469 819 hoc
500 774 668 819 iudicio
696 778 834 832 stare,
862 789 1007 833 neque
1036 778 1182 834 ipsius
1221 776 1396 821 codicis
1425 778 1653 834 scriptura

269 857 440 898 tantam
470 857 740 901 vetustatem
771 856 946 900 referre
973 855 1170 901 videtur.
1226 853 1394 899 Verum
1421 856 1566 899 satius
1582 858 1654 898 est

269 932 388 979 hanc
417 935 637 979 lubricam
654 937 949 990 quaestionem
979 936 1213 988 omittere3
1239 936 1393 989 itaque
1422 947 1510 990 quo
1539 937 1652 979 tem·

268 1025 379 1070 pore
410 1014 631 1057 exaratus
656 1014 718 1056 sit
745 1013 906 1068 codex,
934 1013 1042 1057 aliis
1063 1011 1400 1057 diiudicandum
1428 1013 1652 1069 relinquo,

270 1092 346 1146 qui
393 1091 587 1148 plurium
625 1092 839 1135 librorum
881 1103 1015 1135 :nanu
1061 1093 1331 1148 scriptorum
1379 1104 1462 1134 usu
1502 1090 1654 1134 edocti

266 1171 438 1214 rectius
500 1181 631 1226 quam
683 1181 771 1228 ego
828 1167 885 1215 de
950 1169 1154 1216 codicum
1216 1172 1350 1213 aetate
1405 1168 1654 1214 decernere

268 1252 472 1306 possunt.

259 1340 304 1377 q
351 1327 589 1371 Hactenus
623 1328 681 1372 de
718 1331 911 1372 externa
948 1326 1123 1371 codicis
1163 1326 1503 1385 Gottorpiensis
1542 1340 1651 1372 eon-

272 1404 468 1452 dicione.
522 1406 630 1450 Jam
659 1419 756 1463 quae
782 1406 840 1451 de
881 1407 980 1450 eius
1008 1405 1160 1449 indole
1191 1405 1395 1451 dicturus
1423 1421 1547 1461 sum,
1598 1419 1655 1451 ea

273 1496 485 1542 magnam
513 1488 686 1542 partem
717 1487 852 1529 etiam
895 1484 954 1528 ad
1000 1485 1199 1540 reliquos
1238 1484 1438 1527 eiusdem
1461 1486 1656 1542 generis

269 1564 411 1607 libros
438 1564 682 1619 pertinent.
739 1561 882 1616 Quum
919 1565 1038 1607 enim
1068 1562 1404 1620 Gottorpiensis
1444 1565 1654 1622 geminus

269 1643 330 1687 sit
356 1642 655 1702 Lugdunensi
683 1640 754 1695 Ζ,
794 1652 1014 1698 quumque
1054 1642 1234 1684 omnino
1262 1643 1436 1698 antiqui
1466 1641 1654 1687 codices

269 1722 317 1764 in
345 1721 574 1778 plerisque
598 1719 869 1765 lectionibus
897 1722 944 1763 et
979 1717 1250 1777 corruptelis
1280 1722 1560 1778 conspirent,
1592 1732 1654 1764 ex

269 1798 580 1855 Gottorpieusi
610 1799 666 1843 de
681 1801 910 1844 universae
940 1799 1063 1842 illius
1095 1799 1301 1844 codicum
1332 1800 1517 1845 familiae
1547 1812 1653 1856 pre-

269 1880 332 1922 tio
371 1877 565 1922 iudicari
615 1880 779 1935 potest.
877 1876 1151 1934 Madvigius
1208 1876 1462 1923 Gudianam
1510 1878 1651 1932 illam,

269 1968 398 2012 quam
428 1958 623 2013 putavit,
645 1957 930 2000 collationem
961 1968 1311 2002 commemorans
1341 1959 1394 2007 (l.
1425 1970 1465 2000 c.
1494 1971 1540 2013 p.
1568 1957 1654 2003 322

270 2036 389 2088 not.)
430 2034 545 2081 nihil
574 2047 631 2079 ex
665 2046 719 2080 ea
751 2038 918 2093 praeter
946 2046 1026 2090 ea,
1070 2048 1168 2092 quae
1212 2036 1301 2080 iam
1339 2038 1447 2079 nota
1485 2038 1653 2089 essent,

270 2125 437 2172 magno
467 2125 603 2171 opere
628 2113 984 2168 exspectandum
1013 2116 1319 2168 existimavit3
1348 2126 1497 2170 neque
1524 2115 1652 2170 equi·

272 2193 372 2237 dem
401 2192 488 2238 hoc
519 2191 733 2236 iudicium
762 2190 820 2234 ad
850 2192 996 2248 ipsum
1028 2192 1232 2237 codicem
1266 2193 1535 2237 translatum
1564 2194 1648 2236 im-

271 2271 574 2329 probaverim,
605 2272 644 2314 si
675 2271 739 2314 ita
769 2270 1027 2329 intelligas,
1064 2271 1110 2314 in
1147 2268 1344 2329 singulis
1373 2270 1532 2317 verbis
1559 2283 1651 2316 non

271 2350 434 2394 multas
461 2363 503 2392 m
520 2350 871 2394 emor-ubiles
899 2350 1145 2405 lectiones,
1177 2362 1274 2406 quae
1297 2363 1385 2393 non
1413 2351 1503 2392 iam
1533 2349 1650 2393 alla-

270 2429 329 2470 1ae
373 2427 467 2470 sint
509 2428 567 2470 ab
617 2427 979 2485 Havercampio‚
1033 2440 1093 2473 ex
1140 2428 1299 2472 codice
1349 2429 1448 2472 erui
1498 2440 1650 2485 posse.

269 2504 545 2564 Quamquam
574 2519 631 2550 ne
678 2508 725 2549 in
772 2506 858 2551 hac
909 2506 1089 2563 quidem
1139 2510 1269 2564 parte
1324 2507 1652 2564 Havercampii

270 2586 528 2629 testimonio
546 2584 771 2629 confidere
798 2588 936 2629 tutum
959 2588 1052 2640 est3
1079 2597 1180 2629 nam
1206 2588 1507 2643 praeterquam
1535 2585 1653 2642 quod

272 2678 361 2708 non
393 2667 541 2709 omnia
569 2665 734 2718 attulit,
763 2664 881 2709 haud
913 2677 1059 2722 pauca
1090 2664 1146 2708 de
1176 2664 1261 2709 hoc
1294 2664 1477 2721 codIce‚
1518 2667 1565 2708 ut
1595 2665 1651 2708 de
